3355 5328
377 266 482 321 190
1169 269 1308 323 Pars
1344 270 1413 325 H.
1466 270 1825 326 collectiones
1862 272 2230 329 decretalium.

370 427 712 512 episcopus
771 429 1123 495 Meldensis
1184 430 1494 513 (Meaux)
1539 432 1610 497 in
1671 433 1916 511 Gallia,
1980 434 2084 500 cui
2141 439 2367 501 tamen
2431 435 2757 518 dignitati
2799 441 3043 521 postea

366 526 772 593 renuntiavit
790 577 804 606 ,
867 530 936 593 et
993 528 1262 594 tandem
1311 530 1372 595 S.
1421 530 1500 596 R.
1549 531 1627 597 E.
1687 532 2116 599 cancellarius
2178 537 2245 600 et
2304 535 2580 617 legatus„
2612 534 3038 618 Apostolicus

367 623 741 703 Avenione,
804 626 914 691 ubi
960 626 1065 692 die
1113 631 1217 693 22.
1266 628 1554 710 Augusti
1605 632 1775 694 1313
1842 630 2003 697 obiit
2029 629 2070 697 ¹.
2163 631 2387 699 Etiam
2431 633 2624 717 hujus
2672 637 3036 717 apparatus

364 723 737 804 glossarum
782 723 850 789 in
896 724 1163 790 Librum
1212 725 1484 793 Sextum
1543 727 1612 792 in
1656 727 1881 794 multis
1936 728 2264 795 codicibus
2310 751 2464 797 msS.
2514 734 2584 797 et
2631 730 3028 797 editionibus

365 821 717 887 exhibetur
736 821 779 889 ².
2495 851 2498 854 ’

547 921 606 985 3.
672 921 888 986 Guido
951 923 1029 987 de
1087 922 1362 1008 Βαῃε-ἰο,
1426 944 1626 1006 supra
1687 922 1776 1007 (p.
1828 923 1963 1007 55.)
2026 924 2366 991 occasione
2411 926 2678 992 Decreti
2728 927 3031 993 Gratiani

362 1022 799 1098 memoratuS,
865 1041 1054 1084 suum
1100 1025 1505 1104 apparatum¹
1538 1021 1911 1103 glossarum
1956 1022 2025 1087 in
2074 1022 2341 1089 Librum
2392 1024 2699 1104 Sextum,
2762 1025 2860 1090 uti
2926 1030 3030 1092 te-

363 1118 584 1181 statur
610 1116 896 1183 Joannes
926 1120 1232 1184 Andreae
1278 1117 1506 1203 (supra
1536 1141 1598 1203 p.
1641 1121 1785 1186 189.
1821 1122 1956 1186 not.
1993 1120 2104 1203 6.,)
2152 1126 2303 1206 post
2348 1122 2392 1187 J
2395 1143 2672 1188 oannem
2719 1122 3029 1190 Andreae

363 1216 433 1278 et
464 1214 508 1279 J
510 1235 787 1280 oannem
819 1217 1212 1281 Monachum
1260 1217 1709 1283 adornandam
1755 1218 2043 1302 suscepit
2090 1239 2387 1302 eumque,
2436 1220 2535 1286 uti
2580 1220 2862 1298 videtur,
2915 1222 3028 1288 de-

361 1332 541 1376 mum
587 1312 833 1380 ultimis
880 1314 1068 1379 annis
1113 1314 1294 1380 vitae
1341 1335 1500 1380 suae
1548 1314 1619 1397 (†
1670 1315 1870 1398 1313)
1918 1315 2274 1384 absolvit.
2229 1314 2257 1354 ³

539 1410 648 1475 Ex
689 1410 791 1476 his
835 1412 1046 1478 tribus
1092 1412 1518 1497 apparatibus
1564 1414 1936 1495 glossarum
1990 1419 2349 1498 apparatus
2393 1416 2674 1482 Joanm's
2719 1418 2917 1483 Andr
2920 1441 3030 1484 eae

360 1506 430 1571 in
490 1529 896 1575 communem
949 1532 1139 1575 usum
1194 1511 1510 1577 deductus
1565 1515 1633 1577 et
1682 1515 1893 1596 ‚qlossa
1947 1514 2293 1578 ordinaria
2337 1513 2515 1579 Libri
2558 1514 2746 1580 Sexti
2799 1516 3028 1600 appel-

359 1606 538 1672 latus
587 1613 688 1675 est
706 1609 750 1675 ⁴.

541 1704 745 1781 Quem
792 1727 990 1789 quum
1026 1708 1070 1773 J
1073 1728 1318 1773 oannes
1348 1707 1654 1773 Andreae
1703 1707 2008 1792 deinceps
2055 1708 2381 1774 nonnullis
2429 1709 2792 1776 defectibus
2838 1708 3034 1778 labo--

358 1823 510 1867 rare
558 1804 994 1886 cognovisset,
1042 1805 1270 1872 habita
1315 1806 1709 1890 praesertim
1754 1806 2013 1872 ratione
2055 1805 2596 1873 constitutionum
2627 1808 2849 1893 Papae
2885 1811 3025 1876 Ole-

359 1904 586 1967 mentis
643 1904 715 1968 V.
777 1901 1276 1986 (1305—1314)
1338 1908 1406 1970 et
1464 1904 1744 1970 Joannis
1803 1904 2033 1970 XXII.
2102 1904 2631 1990 (1315—1334),
2697 1907 3025 1992 complere

357 2000 626 2082 sategit,
675 2004 953 2067 exarato
1001 2003 1084 2068 ad
1132 2022 1300 2079 eum,
1350 2001 1449 2067 uti
1493 2001 1759 2068 videtur
1804 2001 1980 2067 intra
2026 2023 2084 2068 a.
2126 2004 2296 2067 1334
2344 2006 2411 2069 et
2459 2024 2517 2069 a.
2574 2006 2743 2069 1342
2772 2004 2818 2084 ⁵,
2868 2027 3024 2090 sup-

357 2097 689 2180 plemento
737 2100 857 2165 sub
903 2099 1132 2168 titulo:
1206 2101 1627 2182 „Additiones
1675 2101 1765 2165 ad
1813 2107 2201 2185 apparatum
2259 2123 2453 2186 super
2497 2101 2744 2169 Sexte.“
2845 2103 3025 2181 Quae

357 2196 725 2264 additiones
773 2197 1006 2264 deinde
1051 2198 1137 2264 ad
1181 2198 1397 2283 ipsum
1443 2198 1689 2264 dictum
1746 2202 2139 2282 apparatum
2185 2198 2468 2264 adscribi
2514 2204 2583 2266 et
2629 2200 2825 2265 simul
2875 2223 3022 2267 cum

353 2315 434 2360 eo
481 2295 549 2360 in
596 2296 989 2363 editionibus
1034 2296 1213 2363 Libri
1264 2296 1451 2362 Sexti
1497 2295 1798 2378 evulgari
1846 2301 2326 2363 consueverunt
2349 2296 2394 2363 ὅ.
2981 2290 2986 2294 ’

434 2504 473 2590 ξ
520 2502 652 2572 123.
746 2505 1011 2574 Codices
1058 2505 1491 2593 manuscripti
1535 2504 1720 2571 Libri
1768 2505 1952 2572 Sexti
2000 2505 2068 2572 et
2114 2505 2259 2594 ejus
2305 2505 2556 2593 primae
2604 2506 2950 2574 editiones.

537 2675 814 2742 Codices
849 2696 1004 2741 mss,
1053 2674 1232 2739 Libri
1281 2674 1484 2754 Sexti,
1533 2675 1694 2742 item
1742 2696 1819 2741 ac
1867 2675 2267 2742 collectionis
2316 2676 2779 2759 Gregorianae,
2828 2676 3021 2802 multi

681 2774 704 2811 7

354 2773 877 2939 eXiSt{1‹ll†itiones
921 2871 1100 2936 Libri
1148 2872 1335 2938 Sexti
1381 2876 1535 2938 sunt
1580 2871 1920 2955 plurimae.
2014 2871 2105 2938 Et
2151 2871 2412 2954 quidem
2457 2872 2632 2939 inter
2684 2873 3020 2955 3108881388

355 2969 676 3036 editiones
722 2975 991 3055 praeter
1034 2973 1174 3035 tres
1221 2969 1541 3037 editiones
1588 2969 1729 3035 sine
1788 2970 1931 3035 loco
1980 2973 2049 3035 et
2108 2991 2279 3036 anno
2326 2968 2405 3051 (s.
2455 2971 2497 3037 l.
2547 2991 2603 3036 e.
2653 2969 2743 3052 a.)
2770 2968 2817 3049 ⁸,
2864 2975 3040 3054 post.-

353 3068 651 3153 primam,
701 3089 869 3151 quae
913 3068 1157 3153 prodiit
1188 3069 1469 3154 Moyunt.
1525 3070 1694 3133 1465
1725 3066 1794 3132 in
1825 3066 1938 3133 fol.
1973 3067 2147 3151 apud
2191 3069 2384 3135 Joan.
2437 3069 2594 3134 Fust
2639 3073 2707 3135 et
2752 3070 3017 3134 Petrum

353 3167 665 3250 Schoiffer
725 3169 803 3232 de
850 3168 1239 3254 Gernsheym
1260 3167 1306 3251 ⁹,
1368 3188 1563 3250 porro
1611 3165 1810 3231 aliam
1828 3216 1843 3244 ,
1908 3186 2075 3246 quae
2119 3165 2359 3231 ibidem
2408 3170 2477 3232 et
2522 3166 2694 3250 apud
2751 3167 3018 3232 eosdem

354 3286 413 3330 a.
469 3267 670 3345 1470,
734 3270 802 3332 et
848 3265 1043 3344 duas,
1107 3285 1276 3347 quae
1321 3263 1706 3348 prodierunt
1750 3262 2001 3328 Romae
2054 3266 2243 3341 1472,
2291 3264 2505 3330 altera
2551 3264 2725 3348 apud
2768 3265 3011 3332 Leonh.

350 3358 595 3449 Pfluyel
657 3367 725 3430 et
786 3365 1009 3449 Geor-9.
1070 3364 1294 3429 Lauer
1309 3415 1329 3447 ,
1392 3362 1606 3428 altera
1665 3362 1841 3445 apud
1898 3362 2121 3427 Udalr.
2173 3363 2431 3428 Gallum
2491 3366 2558 3429 et
2619 3364 2858 3428 Simon.
2934 3365 3016 3430 de

349 3463 532 3528 Luca
554 3460 624 3540 ¹⁰,
672 3483 878 3545 usque
924 3461 1009 3527 ad
1040 3483 1098 3527 a.
1140 3463 1308 3526 1572
1356 3460 1496 3525 fere
1532 3459 1958 3544 septuaginta
1988 3459 2343 3541 glossatae,
2393 3463 2460 3526 et
2490 3461 2844 3526 nonnullae
2877 3482 3011 3526 non

532 3640 552 3673 ¹
590 3638 819 3704 Schulte,
855 3636 957 3690 Die
996 3634 1323 3690 Geschichte
1362 3635 1457 3688 der
1494 3633 1739 3699 Quellen,
1783 3635 1912 3687 tom.
1949 3633 2017 3686 II.
2056 3650 2108 3702 p.
2151 3632 2269 3686 191.
2416 3633 2438 3668 ²
2475 3633 2690 3685 Schulte
2724 3631 2760 3686 1.
2800 3649 2846 3686 c.
2890 3633 3010 3688 192.

530 3719 551 3753 ³
589 3715 692 3781 Qui
728 3719 1044 3786 apparatus,
1082 3714 1247 3768 etiam
1284 3732 1420 3768 voce
1458 3712 1879 3767 commentarius
1917 3712 2194 3780 designari
2230 3711 2441 3775 solitus,
2480 3711 2660 3766 editus
2697 3715 2783 3766 est
2806 3712 3011 3767 Medio-

348 3796 463 3850 lani
502 3797 656 3861 1480,
693 3796 827 3850 item
862 3795 1057 3849 Venet.
1101 3796 1256 3849 1577.

527 3878 552 3912 4
589 3878 802 3930 Schulte
837 3875 872 3929 l.
913 3893 959 3929 c.
998 3893 1048 3944 p.
1088 3875 1210 3928 214.
1396 3877 1416 3910 ⁵
1455 3875 1669 3928 Schulte
1704 3873 1742 3927 l.
1780 3890 1827 3927 c.
1866 3891 1917 3943 p.
1958 3873 2079 3927 219.

527 3958 550 3993 ⁶
588 3958 800 4009 Schulte
853 3954 890 4009 l.
947 3973 992 4009 e.
1048 3972 1099 4025 p.
1154 3955 1274 4009 218.
1364 3953 1501 4008 Cum
1554 3953 1641 4008 his
1697 3953 2062 4007 additionibus
2116 3953 2351 4006 refertur
2404 3952 2591 4020 glossa
2646 3951 2796 4006 Libri
2853 3952 3012 4008 Sexti

347 4036 492 4090 inter
541 4038 724 4090 cetera
771 4035 829 4088 in
880 4035 1113 4089 editione
1150 4034 1299 4088 Libri
1339 4033 1527 4098 Sexti,
1580 4051 1721 4102 quae
1766 4032 1966 4103 prodiit
2003 4033 2197 4087 Venet.
2250 4033 2393 4103 apud
2430 4032 2656 4086 Lucant.
2697 4033 2763 4086 de
2804 4031 3012 4088 Giunta

352 4116 491 4170 1514
526 4116 714 4250 lnEfd}
743 4198 1009 4249 memorat
1046 4197 1259 4249 Schulte
1308 4195 1344 4249 1.
1397 4212 1443 4248 c.
1482 4212 1533 4264 p.
1572 4194 1661 4248 43.
1712 4196 1824 4248 not.
1865 4194 1980 4258 31.;
2033 4192 2199 4247 etiam
2237 4194 2562 4261 Friedbem’
2611 4193 2670 4246 in
2708 4192 2865 4263 Corp‘
2897 4193 3010 4264 jur'

347 4294 465 4330 can.
504 4279 644 4347 part.
682 4276 750 4330 II.
789 4275 1031 4346 prolegg.
1071 4276 1170 4329 col.
1209 4275 1321 4329 LII.
1361 4293 1480 4344 sqq.

529 4359 549 4393 ⁸
586 4356 736 4422 Quae
773 4357 1116 4410 adducuntur
1165 4374 1235 4409 ex
1285 4358 1441 4426 parte
1492 4355 1636 4424 apud
1690 4356 1904 4408 Panzer
1915 4394 1931 4423 ‚
1987 4353 2229 4408 Annales
2277 4352 2659 4424 typographici
2676 4395 2689 4418 ,
2739 4357 2870 4409 tom.
2910 4353 3005 4408 IV.

347 4454 398 4506 p.
442 4437 558 4492 100.
601 4437 719 4491 121.
772 4444 829 4490 et
864 4436 984 4490 226.
1002 4457 1014 4501 ;
1053 4453 1239 4491 omnes
1276 4437 1420 4506 apud
1457 4437 1680 4503 Bickell,
1717 4435 1897 4488 Ueber
1948 4433 2034 4487 die
2070 4433 2418 4502 Entstehung
2453 4434 2564 4487 und
2602 4434 2708 4488 den
2742 4433 3007 4502 heutigen

348 4516 635 4571 Gebrauch
675 4518 771 4571 der
806 4517 1001 4571 beiden
1037 4514 1876 4583 Extravagantensammlungen
1928 4515 2023 4568 des
2062 4513 2271 4585 Corpus
2315 4513 2456 4584 juris
2493 4513 2754 4568 canonici.
2828 4514 3007 4568 Maro-

347 4596 502 4664 burg.
544 4597 699 4662 1825,
736 4616 788 4667 p.
831 4598 949 4652 118.
989 4614 1070 4665 sq.

527 4679 548 4713 ⁹
587 4679 800 4731 Panzer
834 4677 872 4731 1.
911 4694 955 4732 c.
994 4680 1122 4731 tom.
1160 4677 1230 4730 II.
1269 4695 1320 4747 p.
1363 4676 1512 4740 114.;
1551 4677 1757 4729 Bickell
1792 4674 1828 4728 1.
1868 4692 1913 4728 c.
1952 4693 2003 4745 p.
2043 4675 2129 4730 89.
2168 4692 2252 4743 sq.

505 4757 549 4791 ¹⁰
588 4758 799 4810 Panzer
834 4757 871 4811 1.
910 4775 956 4812 c.
993 4760 1122 4812 tom.
1161 4758 1228 4811 Π.
1267 4775 1318 4827 p.
1357 4756 1479 4810 433.
1517 4755 1670 4820 436.;
1709 4756 1915 4808 Bickell
1949 4755 1985 4809 1.
2026 4772 2072 4810 c.
2110 4773 2160 4825 p.
2201 4755 2286 4810 91.
