3355 5328
1349 302 1528 357 Sectio
1566 304 1605 357 1.
1659 304 1692 371 ἓ
1731 305 1815 357 54.
2849 307 2917 361 89

435 458 577 534 Qua
623 459 881 524 ratione
922 481 1079 527 mox
1123 460 1366 544 partim
1413 460 1628 527 studio
1692 460 2102 544 privatorum
2156 462 2446 528 virorum
2494 462 2916 539 eruditorum,

258 555 498 639 partim
564 578 720 622 cura
784 558 1074 640 ipsorum
1140 558 1551 623 Summorum
1617 558 2007 624 Pontificum
2074 559 2295 643 plures
2363 560 2623 626 illarum
2694 565 2918 626 extra-

258 653 646 735 vagantium
706 655 1122 721 collectiones
1140 706 1155 734 ,
1216 656 1502 722 maxime
1561 656 1646 721 ad
1707 656 1918 722 instar
1977 658 2433 724 collectionum
2486 659 2652 742 juris
2713 659 2921 724 civilis

257 752 512 817 romani
530 803 545 829 ,
600 753 987 819 nominatim
1033 755 1436 839 Diyestorum
1484 754 2023 835 (Pandectarum)
2081 761 2149 822 et
2198 757 2448 821 Codicis
2493 756 2921 840 Imperatoris

256 850 621 915 Justiniani
653 851 705 916 Ι.
752 848 1162 933 (527—565)
1191 850 1229 928 ¹,
1293 851 1695 934 compositae
1726 856 1899 918 sunt.
1964 851 2162 930 Quae,
2215 873 2610 935 quamquam
2655 857 2921 938 praeter

260 949 599 1013 decretales
646 948 847 1014 etiam
895 948 1058 1014 alias
1106 948 1559 1027 auctoritates
1607 949 1705 1014 uti
1752 971 1814 1015 V.
1856 971 1919 1031 g.
1970 950 2471 1017 constitutiones
2504 951 2922 1017 Summorum

258 1045 646 1111 Pontificum
705 1050 890 1113 motu
948 1047 1211 1131 proprio
1274 1047 1485 1113 editas
1503 1097 1517 1125 ,
1587 1068 1869 1112 canones
1930 1049 2327 1131 synodorum
2386 1049 2790 1131 generalium
2852 1054 2921 1116 et

255 1143 754 1225 particularium
776 1194 791 1223 ,
866 1144 1045 1210 locos
1117 1145 1179 1211 S.
1241 1144 1653 1228 Scripturas,
1723 1146 1923 1211 effata
1998 1145 2107 1211 SS.
2166 1146 2438 1213 Patrum
2509 1152 2575 1214 et
2642 1147 2919 1213 aliorum

260 1241 666 1325 Scriptorum
712 1243 1320 1321 ecclesiasticorum,
1373 1243 1815 1322 continebant,
1865 1248 2087 1309 tamen
2106 1294 2120 1322 ,
2170 1245 2323 1326 quia
2364 1249 2762 1330 potissimum
2809 1246 2921 1311 de-

260 1340 542 1406 cretales
588 1342 1244 1424 comprehendebant,
1293 1363 1333 1407 a
1364 1346 1555 1425 parte
1586 1342 1826 1425 potiori
1868 1345 2246 1408 collectiones
2293 1364 2409 1408 seu
2454 1347 2921 1428 compilationes

261 1439 673 1504 decretalium
719 1440 1089 1523 appellatae
1145 1444 1315 1506 sunt.

440 1545 621 1610 Inter
668 1567 831 1628 quas
862 1546 1252 1629 praesertim
1299 1550 1574 1632 quinque
1621 1546 1909 1611 celebres
1958 1547 2374 1625 exstiterunt,
2426 1552 2493 1613 et
2531 1547 2790 1630 quidem
2824 1569 2919 1625 ec,

262 1642 435 1722 quod
496 1665 536 1707 a
593 1644 1071 1726 professoribus
1126 1644 1291 1728 juris
1353 1642 1646 1711 canonici
1706 1645 1774 1709 in
1824 1644 2276 1712 Universitate
2337 1646 2731 1711 Bononiensi
2792 1667 2923 1712 una

259 1761 408 1804 cum
469 1741 752 1807 Decreto
817 1741 1114 1807 Gratiani
1182 1746 1324 1808 tum
1393 1743 1460 1807 in
1526 1743 1765 1807 scholis
1830 1745 2020 1808 lectae
2045 1794 2063 1827 ,
2135 1747 2279 1808 tum
2343 1743 2543 1810 etiam
2608 1747 2924 1830 ylossatae

262 1841 452 1915 sunt3
517 1840 873 1923 cujusmodi
934 1840 1307 1906 aestimatio
1369 1840 1648 1906 caeteris
1711 1840 2133 1906 decretalium
2200 1841 2685 1908 collectionibus
2749 1842 2924 1907 haud

263 1935 562 2018 contigit.
656 1937 793 2013 Quo
842 1938 1033 2003 simul
1078 1937 1329 2004 factum
1376 1941 1510 2015 est,
1567 1942 1643 2003 ut
1689 1937 1840 2003 illae
1890 1938 2172 2020 quinque
2219 1939 2644 2005 decretalium
2692 1941 2924 2004 collec-

263 2033 485 2099 tiones
526 2055 641 2100 seu
697 2036 1223 2120 compilationes,
1284 2035 1382 2102 uti
1443 2035 1598 2101 olim
1643 2036 1998 2102 Decretum
2047 2036 2344 2102 Gratiani
2367 2034 2410 2114 ²,
2474 2058 2514 2102 a
2560 2037 2924 2102 numerosis

261 2132 689 2211 scholaribuS,
740 2154 825 2199 ex
869 2134 1320 2200 Universitate
1366 2133 1761 2199 Bononiensi
1809 2134 1875 2198 in
1921 2134 2203 2218 patriam
2252 2134 2566 2212 reversiS,
2624 2134 2762 2199 fere
2809 2156 2927 2219 per

262 2230 642 2297 universam
689 2232 1019 2315 Europam
1082 2231 1579 2313 divulgarentur
1625 2236 1694 2298 et
1741 2233 1824 2298 ab
1871 2231 1966 2296 eis
1986 2281 2000 2310 ,
2065 2252 2261 2314 quum
2322 2232 2445 2316 ipsi
2504 2232 2572 2297 in
2618 2233 2925 2297 ecclesia-

262 2329 450 2395 sticis
499 2329 728 2395 officiis
775 2335 843 2396 et
888 2329 1322 2396 tribunalibus
1369 2329 1712 2396 constituti
1760 2333 2012 2408 essent,
2063 2330 2554 2407 adhiberentur,
2605 2335 2672 2396 et
2719 2329 2813 2394 sic
2860 2330 2926 2394 in

262 2428 413 2492 foro
446 2427 781 2493 Ecclesiae
812 2429 879 2493 in
911 2448 1318 2493 communem
1362 2449 1551 2493 usum
1584 2427 2065 2506 inducerentur,
2116 2449 2153 2492 e
2200 2431 2430 2493 contra
2475 2427 2766 2510 reliquae
2814 2427 2926 2493 de-

264 2526 614 2591 cretalium
646 2526 1061 2592 collectiones
1108 2526 1176 2590 in
1205 2525 1351 2590 foro
1384 2518 1827 2591 ecclesiastico
1860 2546 2128 2609 prorsus
2159 2526 2669 2608 negligerentur.
2736 2525 2927 2592 Unde

262 2623 423 2689 illae
484 2623 766 2707 quinque
803 2622 1250 2691 ‘decretalium
1311 2622 1728 2690 collectiones
1789 2623 2172 2708 simpliciter
2231 2627 2695 2710 compilationes
2756 2624 2928 2690 dice-

263 2724 513 2788 bantur
559 2727 626 2789 et
671 2713 987 2804 tanquam
1035 2722 1407 2806 compilatio
1444 2725 1689 2807 prima,
1747 2724 2029 2788 secunda
2067 2743 2121 2789 e.
2157 2744 2208 2789 s.
2243 2744 2304 2806 p.
2342 2722 2928 2804 distinguebantur.

261 2821 432 2904 Ejus
480 2820 1029 2899 circumstantiae,
1083 2820 1254 2903 quod
1300 2820 1368 2884 in
1412 2819 1868 2886 Universitate
1914 2821 2308 2886 Bononiensi
2353 2821 2421 2885 in
2468 2820 2705 2886 scholis
2750 2822 2930 2903 lege-

263 2919 545 2995 bantur,
594 2918 821 2985 habita
866 2918 1121 2985 ratione
1166 2917 1319 2982 illae
1367 2917 1649 2999 quinque
1681 2917 2190 3001 compilationes
2237 2917 2438 2984 etiam
2483 2919 2634 2983 libri
2679 2918 2787 2983 vel
2832 2940 2930 2983 vo·
3017 2927 3022 2932 '

262 3018 522 3081 lumina
541 3012 568 3052 ³
616 3015 828 3091 dictae
861 3020 929 3081 et
966 3015 1349 3097 singillatim
1380 3018 1698 3097 tanquam
1729 3017 1812 3080 lib
1821 3038 1887 3080 er
1913 3018 2165 3099 primns
2202 3016 2310 3081 vel
2341 3018 2621 3081 volumen
2643 3020 2931 3129 primum

262 3135 327 3179 e.
378 3135 430 3179 s,
480 3135 542 3197 p.
594 3114 975 3196 designatae
1022 3118 1247 3179 sunt.
1200 3112 1226 3149 ⁴

453 3220 658 3285 Porro
704 3221 854 3285 inde
901 3220 983 3286 ab
1035 3241 1110 3285 eo
1172 3223 1498 3304 tempore,
1563 3223 1691 3301 q'uo
1751 3219 2094 3304 praefatae
2155 3220 2649 3303 compilationes
2710 3221 2930 3285 decre-

261 3318 507 3384 talium
552 3318 619 3382 in
665 3318 1061 3384 Bononiensi
1107 3317 1559 3384 Universitate
1605 3316 1738 3399 legi
1785 3322 2138 3402 coeperant
2155 3368 2170 3396 ,
2231 3318 2357 3394 illi,
2408 3318 2517 3400 qui
2558 3317 2690 3401 juri
2735 3337 2930 3382 cano-

262 3417 423 3481 nico
471 3435 555 3481 ex
601 3416 679 3481 iis
728 3417 1015 3482 docendo
1063 3417 1171 3481 vel
1218 3415 1521 3481 discendo
1568 3436 1836 3498 operam
1885 3416 2160 3493 dabant,
2226 3418 2663 3481 decretalistae
2707 3415 2931 3498 appel-

261 3513 402 3580 lari
449 3520 947 3592 consueverunt,
997 3513 1552 3625 quemadmodum
1589 3512 1743 3577 olim
1792 3534 1832 3578 a
1876 3513 2157 3580 Decreto
2201 3513 2517 3591 Gratiani,
2569 3533 2695 3595 quo
2740 3511 2808 3576 in
2854 3532 2931 3576 eo

262 3611 544 3694 negotio
599 3613 983 3690 utebantur,
1039 3611 1203 3695 juris
1265 3610 1556 3677 canonici
1617 3610 1918 3677 doctores
1964 3614 2033 3704 et
2079 3611 2353 3677 studiosi
2402 3614 2769 3677 decretistae
2815 3631 2932 3693 ap-

259 3707 765 3795 pellabantur⁵.

262 3936 440 4000 ficu-3,
499 3932 549 3984 d.
589 3931 638 3984 d.
678 3932 727 3984 5.
767 3930 912 4000 Sept.
957 3931 1123 3995 1234,
1176 3948 1283 3998 qua
1321 3945 1477 3982 suam
1516 3929 1870 3982 decretalium
1916 3928 2288 3983 collectionem
2325 3928 2653 3999 publicavit,
2710 3930 2936 3984 eandem

261 4012 421 4066 hanc
459 4010 829 4064 collectionem
869 4012 1291 4079 compilationem
1329 4008 1643 4079 appellavit.
1722 4008 1831 4063 Cfr.
1871 4010 2091 4078 Doujat,
2133 4009 2407 4063 Praenott.
2447 4027 2669 4063 canonn.
2709 4010 2801 4063 lib.
2840 4011 2934 4063 IV.

265 4110 400 4161 cap.
445 4091 530 4144 17.
569 4090 602 4157 ἓ
639 4092 686 4144 5.
733 4090 837 4158 (ed.
876 4091 1070 4144 Venet.
1113 4091 1267 4154 1717,
1307 4107 1357 4158 p.
1395 4089 1517 4143 405.
1557 4086 1686 4156 sq.).

457 4181 477 4213 ¹
519 4178 629 4233 cfr.
668 4179 811 4233 infra
849 4179 1077 4249 append.
1118 4196 1234 4248 cap.
1279 4179 1323 4231 1.
1366 4180 1467 4232 art.
1509 4177 1557 4231 3.
1598 4176 1755 4244 §15
1798 4180 1854 4230 et
1894 4178 1976 4231 17.

461 4261 483 4294 ²
521 4258 631 4313 Cfr.
670 4276 834 4329 supra
870 4278 921 4329 p.
960 4260 1046 4313 48.

463 4339 485 4374 ⁸
523 4341 790 4409 Saviyny,
843 4338 1170 4394 Geschichte
1209 4338 1304 4392 des
1341 4336 1646 4390 romischen
1684 4336 1889 4390 Rechts
1927 4336 2001 4389 im
2038 4336 2388 4400 Mittelalter,
2425 4339 2552 4390 tom.
2591 4336 2685 4389 III.
2723 4354 2775 4406 p.
2813 4336 2935 4390 265.

458 4420 485 4455 4
521 4422 759 4489 Doujat,
816 4420 1091 4473 Praenott.
1144 4436 1369 4472 canonn.
1420 4416 1512 4471 lib.
1550 4416 1644 4469 IV.
1686 4433 1801 4485 cap.
1846 4416 1927 4469 16.
1967 4414 1999 4482 ἓ
2038 4416 2118 4480 3.;
2178 4418 2471 4484 Phillipps,
2527 4415 2937 4482 Kirchenrecht,

259 4508 409 4558 tom·
450 4500 832 4647 {VlS'aBiiyziff'L
873 4597 917 4634 c.
956 4597 1008 4649 p.
1052 4579 1168 4633 182.
1209 4580 1265 4631 et
1301 4595 1351 4647 p.
1393 4576 1543 4640 516.;
1603 4576 1859 4644 Schenkl,
1898 4574 2165 4629 Institutt.
2205 4574 2320 4628 Jur.
2360 4575 2508 4638 eccl„
2546 4575 2627 4628 ed.
2665 4575 2759 4629 XI.
2833 4574 2937 4630 Ra-

257 4662 478 4718 tisbon.
523 4659 678 4723 1853,
716 4663 844 4713 tom.
885 4660 925 4713 Ι.
964 4678 1015 4729 p.
1058 4659 1176 4712 116.
1216 4657 1248 4725 §
1287 4658 1371 4711 93.
