3355 5328
1483 290 1831 361 Conspectus.
2883 292 2986 345 XV

2880 453 2972 502 rag

1318 582 1571 657 CAPUT
1618 586 2000 658 TERTIUM.

1060 757 1402 831 Approbatio
1441 761 1497 860 et
1535 759 1840 833 publicatio
1878 759 2031 849 Libri
2069 759 2240 833 Sexti.

323 923 356 990 ς
396 924 513 977 116.
573 923 889 978 Generatim
952 966 962 978 .
1215 903 1220 908 “
2555 974 2566 985 .
2715 973 2726 986 .
2879 933 2978 986 182

325 1003 358 1070 ἓ
397 1003 513 1058 117.
573 1004 735 1057 Bulla
773 967 1183 1074 publicationis,
1236 969 1799 1075 sacrosanctae,
1840 1011 1889 1064 d
1930 1011 1979 1064 d.
2020 1011 2069 1065 3.
2075 973 2295 1066 Martii
2334 1012 2472 1066 1298
2549 1053 2560 1065 .
2712 1053 2723 1065 .
2875 1012 2977 1066 183

1289 1288 1545 1361 CAPUT
1592 1288 1996 1369 QUARTUM.

1173 1460 1583 1518 Character
1634 1460 1841 1518 Libri
1893 1416 2119 1521 Sexti.

320 1629 351 1696 ς
390 1629 508 1684 118.
570 1613 909 1695 considerati
946 1629 1002 1682 in
1039 1648 1098 1684 se
1264 1673 1275 1685 .
1585 1674 1596 1684 .
2305 1614 2306 1617 ‘
2386 1679 2397 1690 .
2706 1679 2719 1692 .
2869 1639 2970 1693 185

319 1709 350 1776 ἕ
390 1710 510 1764 119.
568 1708 909 1763 considerati
959 1709 1016 1762 in
1065 1710 1327 1765 relatione
1379 1673 1447 1764 ad
1500 1674 1801 1766 decretales
1858 1716 1915 1766 et
1950 1715 2363 1769 constitutiones
2401 1717 2719 1787 pontificiae,

565 1792 689 1858 post
739 1788 1161 1859 publicationem
1213 1790 1545 1845 collectionis
1597 1792 1951 1847 decretalium
1991 1793 2356 1861 Gregorianae
2408 1796 2613 1861 editas,
2664 1797 2719 1851 in

564 1868 724 1922 Libro
762 1869 928 1924 Sexto
967 1873 1150 1924 autem
1186 1889 1287 1925 nec
1324 1871 1574 1935 insertas,
1612 1891 1714 1926 nec
1749 1877 2064 1927 reservatas
2223 1916 2235 1928 .
2545 1919 2555 1930 .
2865 1881 2965 1934 187

314 1949 347 2016 ξ
389 1949 505 2004 120.
565 1948 942 2003 considerati
927 1969 984 2003 111
1006 1951 1270 2005 relatione
1295 1953 1363 2005 ad
1384 1951 1763 2006 collectionem
1780 1953 2131 2007 decretalium
2151 1953 2333 2024 Papae
2355 1955 2605 2024 Gregorii
2622 1956 2715 2011 ΙΧ.
2865 1960 2967 2014 188

1309 2230 1565 2304 CAPUT
1612 2231 1989 2312 QUINTUM.

1365 2414 1507 2470 Fata
1542 2373 1697 2470 Libri
1734 2414 1905 2471 Sexti.

1241 2574 1667 2663 Anrlcnws
1706 2596 2020 2664 ramus,

515 2761 640 2817 Inde
676 2761 739 2817 ab
776 2760 886 2832 ejus
924 2761 1059 2848 ortu
1079 2776 1239 2831 usque
1273 2759 1337 2815 ed
1376 2759 1487 2831 ejus
1523 2758 1791 2814 editionem
1829 2759 2183 2815 authenticam
2218 2760 2494 2817 Romanam
2531 2777 2577 2817 a.
2607 2761 2750 2817 1582.

304 2922 337 2989 ἓ
379 2877 497 2975 121.
554 2919 814 2974 Publicae
851 2918 1246 2989 praelectiones
1297 2936 1461 2989 super
1512 2936 1574 2971 eo
1610 2917 1668 2970 in
1705 2917 2031 2971 Bononiensi
2068 2917 2442 2972 Universitate
2493 2919 2710 2974 habitae

553 3003 610 3054 et
645 3000 802 3053 varia
839 3017 1002 3070 opera
1038 2999 1323 3062 litteraria,
1364 3016 1549 3052 earum
1589 2996 1870 3052 occasione
1908 3016 2072 3068 super
2110 3016 2171 3052 eo
2210 2999 2471 3052 adornata
2535 3041 2547 3053 .
2695 3042 2706 3054 .
2857 3001 2959 3056 188

301 3082 334 3149 5
376 3082 494 3136 122.
553 3080 897 3135 Glossatores
934 3079 1082 3133 Libri
1120 3078 1274 3133 Sexti
1311 3082 1367 3132 et
1405 3078 1523 3149 ejus
1560 3078 1747 3145 glossa
1784 3078 2056 3132 ordinaria
2211 3120 2223 3132 .
2372 3120 2385 3133 .
2534 3121 2545 3132 .
2696 3122 2705 3133 .
2856 3082 2958 3135 189

300 3162 333 3229 ἕ
376 3162 493 3216 123.
553 3160 778 3214 Codices
814 3159 1174 3230 manuscripti
1209 3158 1359 3212 Libri
1396 3158 1551 3213 Sexti
1601 3160 1659 3212 et
1711 3158 1829 3228 ejus
1865 3158 2071 3228 primae
2123 3158 2387 3212 editiones
2535 3201 2545 3212 .
2695 3202 2706 3213 .
2856 3161 2959 3216 190

301 3241 334 3308 ἓ
376 3241 493 3295 124.
550 3239 720 3294 Varia
758 3239 1145 3304 additamenta,
1185 3257 1324 3309 quae
1362 3238 1522 3293 Libro
1561 3238 1729 3292 Sexto
1767 3256 1930 3292 cursu
1965 3238 2227 3309 temporis
2264 3243 2614 3294 accesserunt
2693 3282 2703 3293 .
2854 3242 2952 3295 191

1192 3488 1616 3566 Alimentus
1659 3488 2068 3547 sncnmms.

431 3656 554 3712 Inde
592 3656 656 3712 ab
694 3656 913 3712 editione
949 3656 1093 3713 Libri
1130 3657 1279 3713 Sexti
1315 3657 1622 3713 authentice
1657 3656 1886 3712 Romana
1922 3671 1969 3711 a.
2005 3655 2133 3711 1582
2168 3672 2327 3727 nsque
2367 3656 2434 3712 ad>
2469 3656 2565 3712 hoo
2601 3658 2818 3729 tempus.

297 3808 330 3875 ξ
372 3807 491 3861 125.
542 3804 730 3859 Editio
767 3804 915 3858 Libri
953 3805 1108 3859 Sexti
1146 3804 1461 3859 authentica
1497 3806 1743 3859 Romana
1781 3824 1829 3860 a.
1871 3806 2008 3860 1582
2209 3848 2220 3859 .
2371 3847 2381 3859 .
2529 3848 2541 3860 .
2689 3849 2701 3861 .
2851 3809 2953 3862 192

296 3888 329 3955 ἓ
350 3963 351 3966 ¹
372 3887 490 3940 126.
548 3884 899 3939 Recentiores
938 3884 1200 3940 editiones
1237 3885 1386 3939 Libri
1424 3885 1579 3939 Sexti
1616 3886 1838 3940 criticae
1887 3928 1900 3939 .
2047 3928 2058 3939 .
2209 3928 2219 3939 .
2370 3927 2380 3939 .
2530 3928 2540 3939 .
2690 3929 2701 3941 .
2850 3888 2952 3942 192

1302 4164 1552 4238 CAPUT
1600 4162 1954 4235 SEXTUM.

364 4328 669 4387 Hodiernus
707 4329 870 4386 valor
907 4328 1060 4386 Libri
1099 4327 1255 4410 Sexti
1291 4328 1350 4383 in
1387 4342 1593 4401 genere
1630 4329 1687 4383 et
1726 4325 2093 4408 singulorum,
2134 4341 2270 4398 quae
2307 4326 2365 4382 in
2403 4341 2465 4384 eo
2504 4326 2878 4399 continentur,

752 4415 811 4473 in
849 4417 1048 4489 specie.
1122 4416 1415 4491 Praecipni
1455 4415 1840 4474 commentarii
1877 4414 1936 4471 in
1974 4415 2197 4473 Librum
2236 4415 2477 4472 Sextum.

290 4585 323 4652 ἓ
365 4586 482 4639 127.
539 4584 846 4641 Hodiernus
882 4588 1037 4641 valor
1060 4586 1209 4641 Libri
1233 4586 1300 4640 S
1278 4585 1387 4640 xti
1424 4587 1480 4640 in
1506 4603 1704 4653 genere
1731 4590 1788 4641 et
1812 4570 2164 4655 singulorum,
2204 4603 2342 4655 quae
2380 4549 2436 4639 in
2474 4603 2535 4639 eo
2573 4603 2694 4640 con-

421 4677 427 4681 ·
539 4664 798 4731 tinentur,
835 4667 894 4722 in
929 4667 1109 4738 specie
1234 4710 1245 4721 .
1556 4696 1574 4719 .·
1880 4709 1891 4721 .
2039 4711 2050 4721 .
2201 4708 2211 4719 .
2362 4707 2374 4720 .
2521 4707 2533 4719 .
2682 4707 2693 4719 .
2844 4665 2947 4720 193

291 4745 323 4813 ἓ
365 4746 483 4801 128.
541 4744 826 4817 Praecipui
865 4748 1237 4802 commentarii
1274 4747 1330 4800 in
1366 4747 1590 4800 Librum
1627 4746 1854 4801 Sextum
2043 4789 2054 4800 .
2203 4787 2215 4799 .
2363 4787 2374 4799 .
2522 4786 2534 4799 .
2683 4788 2693 4799 .
2845 4746 2946 4799 194
