3355 5328
343 334 412 387 74
1231 335 1370 389 Pars
1406 335 1447 389 Ι.
1521 333 1815 389 Decretum
1852 332 2117 389 Gratiani.

344 494 564 571 effata,
613 493 680 558 in
713 515 791 560 eo
823 494 1056 574 relata,
1104 499 1411 580 respectu
1435 494 1738 578 juristico
1769 517 1902 561 non
1947 477 2074 560 nisi
2103 499 2366 562 tantum
2410 495 2743 573 valebant,
2793 517 3003 579 quan-

342 594 485 656 tum
532 611 617 656 ex
664 612 737 657 se
783 613 899 658 seu
946 614 983 658 e
1024 614 1143 658 suo
1190 598 1461 659 auctore
1506 593 1754 659 valoris
1793 592 2075 676 juristici
2120 592 2472 670 habebant,
2520 614 2639 658 seu
2684 597 3004 675 quantum

342 688 676 767 valebant,
727 694 1082 772 antequam
1127 690 1195 755 in
1240 691 1597 757 Decretum
1645 689 1945 757 Gratiani
1990 691 2204 757 relata
2250 694 2460 757 erant.
2523 690 2789 757 Etenim
2837 691 3004 756 Gra-

344 786 583 864 tianuS‚
633 787 743 869 qui
787 788 857 852 111
886 789 1186 855 Ecclesia
1215 789 1398 855 nulla
1427 792 1764 873 potestate
1793 788 2172 870 legislativa
2217 788 2569 871 gaudebat,
2619 810 2782 872 opus
2812 810 3005 854 suum

344 884 480 949 ulla
527 884 923 952 auctoritate
968 886 1169 969 legali
1215 887 1461 952 donare
1517 889 1586 951 et
1632 886 1850 953 effatis
1896 886 1964 951 in
2009 885 2169 951 illud
2216 885 2548 970 congestis
2595 886 2837 968 aliquid
2883 908 3005 951 va-

343 981 502 1047 loris
547 983 782 1065 legalis
842 984 1141 1050 conferre
1186 985 1295 1050 vel
1343 984 1427 1050 ad
1472 983 1571 1063 id,
1635 985 1809 1067 quod
1856 983 2030 1050 forte
2069 985 2208 1067 jam
2255 1005 2293 1050 e
2339 1005 2460 1050 sua
2507 983 2757 1067 origine
2801 984 3006 1049 habe-

342 1079 524 1158 bant,
575 1081 817 1147 addere
861 1082 1237 1149 nullatenus
1283 1086 1549 1166 poterat
1574 1080 1613 1148 ¹.

522 1187 822 1266 Proinde,
872 1188 928 1253 si
964 1189 1320 1255 Decretum
1354 1188 1655 1255 Gratiani
1702 1188 2073 1254 habendum
2114 1188 2203 1254 sit
2247 1210 2367 1272 pro
2416 1188 2798 1254 collectione
2838 1189 3007 1272 juris

346 1284 772 1363 ecclesiastici
818 1286 1079 1369 publica
1132 1306 1248 1352 seu
1293 1286 1492 1368 legali
1538 1307 1655 1351 seu
1703 1286 2085 1352 authentica
2131 1307 2247 1351 seu
2294 1307 2414 1370 pro
2461 1286 2682 1352 codice
2698 1336 2712 1364 ‚
2761 1290 2831 1352 et
2863 1287 3007 1368 qui-

347 1382 495 1446 dem
541 1383 918 1468 universali,
967 1385 1150 1467 cujus
1195 1384 1503 1450 videlicet
1548 1405 1628 1449 ea
1671 1382 1776 1449 vis
1810 1387 1931 1463 est,
1980 1388 2056 1451 ut
2103 1384 2321 1450 omnia
2368 1385 2588 1463 effata,
2639 1405 2805 1466 quae
2852 1405 3007 1449 con-

346 1479 536 1558 tinet,
570 1503 611 1545 a
644 1502 1048 1564 quocumque
1079 1483 1192 1548 illa
1223 1482 1671 1565 originetenus
1703 1482 2147 1566 provenerint,
2197 1482 2493 1547 valorem
2525 1481 3010 1549 ecclesiasticae

345 1577 532 1659 legiS,
583 1582 652 1644 et
697 1579 958 1662 quidem
1004 1580 1396 1646 universalis
1443 1580 1773 1646 habeant:
1838 1601 2108 1646 necesse
2156 1580 2417 1645 omnino
2464 1583 2569 1645 est
2587 1631 2601 1658 ,
2651 1581 3009 1647 Decretum

353 1674 651 1741 Gratiani
695 1678 868 1742 hunc
901 1677 1350 1743 characterem
1385 1681 1679 1764 deinceps
1711 1700 1751 1744 a
1784 1682 2208 1762 competente
2231 1681 2602 1762 potestaste
2631 1677 3012 1760 legislativa

348 1773 705 1853 Ecclesiae,
754 1775 895 1841 sive
935 1797 1264 1860 expresse,
1314 1776 1456 1842 sive
1485 1777 1692 1842 tacite
1739 1776 2116 1854 obtinuerit,
2164 1777 2205 1843 i.
2242 1797 2297 1842 e.
2348 1776 2432 1841 ad
2464 1775 2854 1858 dignitatem
2899 1797 3010 1841 co-

349 1871 509 1937 dicis
542 1872 967 1940 ecclesiastici
998 1874 1388 1939 universalis
1417 1875 1527 1940 vel
1558 1876 1640 1940 ab
1675 1874 1894 1957 aliquo
1928 1875 2196 1941 Summo
2228 1873 2544 1941 Pontifice
2577 1878 2694 1940 aut
2724 1873 3009 1939 Concilio

350 1971 665 2051 generali,
715 1972 823 2036 vel
853 1992 972 2056 per
1002 1972 1441 2037 universalem
1471 1972 1811 2038 Ecclesiae
1843 1972 2378 2040 consuetudinem
2411 1973 2741 2038 elevatum
2786 1970 3008 2037 fuerit.

611 2187 650 2274 ξ
697 2185 802 2256 48.
897 2189 1298 2257 Praetensus
1348 2191 1701 2259 character
1748 2191 2016 2258 Decreti
2065 2190 2372 2278 deinceps
2420 2189 2748 2257 obtentus.

528 2358 742 2422 Erant
788 2357 1069 2439 quidem,
1118 2357 1228 2439 qui
1260 2363 1653 2436 assererent,
1704 2362 1773 2424 et
1804 2358 2047 2442 partim
2080 2359 2290 2424 adhuc
2322 2364 2494 2438 sunt,
2545 2360 2656 2442 qui
2688 2364 3012 2443 asserant,

349 2455 706 2521 Decretum
754 2455 1053 2522 Gratiani
1113 2457 1405 2541 deinceps
1451 2456 1904 2522 characterem
1966 2456 2204 2522 codicis
2267 2457 2689 2523 ecclesiastici
2748 2458 3015 2523 univer-

351 2553 509 2618 salis
556 2556 930 2619 assecutum
977 2573 1140 2618 esse.
1232 2554 1323 2619 Et
1369 2554 1724 2619 secundum
1771 2555 2117 2619 nonnullos
2174 2576 2398 2620 eorum
2443 2556 2566 2621 hoc
2613 2555 2863 2621 factum
2910 2559 3018 2621 est

535 2663 592 2727 1.
655 2681 775 2746 per
824 2682 1184 2746 expressam
1228 2659 1432 2744 ipsius
1478 2660 1745 2728 Decreti
1808 2684 1928 2745 pro
1977 2662 2197 2728 codice
2259 2662 2702 2729 ecclesiastico
2749 2662 3014 2728 univer-

354 2759 477 2824 sali
510 2758 1050 2843 approbationem
1083 2778 1119 2823 e
1150 2762 1340 2842 parte
1374 2758 1620 2824 Summi
1652 2759 1989 2825 Pontificis
2020 2761 2297 2847 Euqenii
2328 2762 2455 2827 ΙΙΙ.
2491 2759 3010 2842 (1145-1153).

351 2856 472 2934 Qui
520 2856 781 2939 quidem
828 2856 1208 2921 canonistae
1255 2856 1429 2921 circa
1473 2857 1642 2922 hanc
1689 2878 1829 2922 rem
1875 2858 2245 2924 innituntur
2304 2880 2504 2942 supra
2550 2857 2638 2942 (p.
2690 2858 2826 2940 46.)
2873 2878 3015 2923 1116-

350 2959 607 3021 morato
665 2953 1082 3033 „Calendario
1126 2953 1631 3038 archigymnasii
1674 2956 2140 3022 Bononiensis“
2156 3006 2170 3034 ‚
2218 2957 2286 3020 in
2332 2977 2458 3038 quo
2503 2960 2832 3033 narratur,
2880 2956 3016 3021 De-

250 3139 257 3146 ·
353 3055 604 3117 cretum
648 3053 854 3130 brevi,
904 3055 1252 3136 postquam
1301 3053 1673 3118 absolutum
1714 3053 1969 3132 fuisset,
2023 3058 2091 3120 et
2137 3053 2396 3135 quidem
2440 3075 2616 3132 mox,
2663 3057 3015 3137 postquam

353 3151 492 3234 ejus
537 3149 831 3233 plagium
849 3200 863 3228 ‚
927 3171 968 3214 a
1013 3149 1342 3215 Cardinali
1387 3150 1803 3234 Paucapalea
1821 3202 1836 3231 ,
1884 3156 1960 3217 ut
2005 3151 2218 3218 fertur
2240 3201 2255 3230 ‚
2318 3155 2743 3231 attentatum,
2792 3172 3015 3216 coram

348 3248 533 3332 Papa
576 3247 875 3330 Eugenio
907 3247 1021 3313 III.
1073 3247 1405 3314 detectum
1452 3253 1649 3327 esset,
1700 3251 1783 3315 ab
1828 3250 1972 3328 hoc,
2022 3249 2286 3331 cognita
2330 3248 2535 3333 ipsius
2579 3249 3013 3333 praestantia,

348 3367 467 3429 pro
516 3345 739 3412 codice
786 3345 1232 3412 ecclesiastico
1279 3345 1639 3412 universali
1687 3347 2125 3431 approbatum
2172 3350 2241 3413 et
2286 3347 2691 3431 publicatum
2738 3367 2901 3412 esse.

529 3454 779 3519 Verum
799 3504 814 3533 ,
867 3452 1412 3536 quemadmodum
1474 3454 1721 3520 dictum
1777 3453 2267 3533 „Calendarium
2327 3453 2838 3538 archigymnasii
2882 3454 3015 3519 Bo-

353 3551 720 3616 noniensis“
778 3551 1189 3636 suppositum
1237 3555 1306 3617 et
1351 3552 1642 3635 spurium
1691 3556 1794 3618 est
1819 3551 1865 3630 ²,
1932 3552 2029 3617 ita
2075 3552 2274 3618 etiam
2321 3551 2435 3616 illa
2481 3551 2760 3618 assertio
2783 3602 2797 3629 ,
2862 3551 3017 3617 huic

351 3652 822 3733 superstructa,
871 3649 1113 3714 nullius
1159 3649 1473 3715 momenti
1521 3670 1668 3715 esse
1715 3649 2137 3732 dignoscitur.

530 3755 728 3821 Aliud
775 3760 999 3822 autem
1031 3756 1110 3821 de
1144 3776 1460 3840 expressa
1490 3756 1759 3822 Decreti
1792 3756 2129 3822 Gratianei
2165 3778 2284 3840 pro
2318 3755 2538 3821 codice
2571 3755 3017 3821 ecclesiastico

350 3852 707 3919 universali
732 3854 1222 3937 approbatione,
1256 3854 1397 3919 sive
1422 3876 1462 3919 a
1485 3854 1669 3938 Papa
1692 3855 1977 3940 Euyem’o
2001 3855 2128 3920 III.
2157 3854 2372 3919 aliove
2394 3854 2655 3920 Summo
2676 3853 3014 3932 Pontifice,

352 3952 493 4018 sive
525 3952 607 4017 ab
640 3951 857 4033 aliquo
890 3951 1173 4017 Concilio
1205 3951 1499 4034 generali
1531 3951 1732 4030 facta,
1781 3952 2032 4017 nullum
2064 3950 2324 4017 omnino
2356 3951 2710 4033 vestigium
2753 3955 3014 4027 exstat3

351 4050 449 4116 uti
495 4048 775 4133 plurimi,
822 4048 996 4131 iique
1043 4049 1386 4115 clarissimi
1431 4049 1558 4114 viri
1606 4050 1846 4116 eruditi
1891 4049 2288 4116 unanimiter
2335 4052 2793 4115 contestantur
2820 4048 2864 4114 ³.

534 4255 553 4287 ¹
593 4248 702 4303 cfr.
743 4250 954 4303 Schulte
968 4290 984 4318 ‚
1035 4248 1136 4302 Die
1172 4247 1347 4302 Lehre
1384 4265 1492 4302 von
1530 4247 1634 4301 den
1671 4246 1900 4312 Quellen
1937 4248 2034 4301 des
2069 4246 2276 4300 kathol.
2317 4245 2759 4310 KirchenrechtS,
2798 4264 2849 4316 p.
2889 4246 3014 4300 331.

533 4331 555 4366 ²
594 4329 703 4384 cfr.
743 4347 909 4399 supra
945 4347 996 4399 p.
1035 4330 1122 4382 46.

532 4410 552 4444 ⁸
591 4411 677 4464 Ita
713 4411 947 4463 Florens
960 4450 976 4477 ‚
1022 4408 1103 4462 De
1139 4407 1393 4462 methodo
1431 4410 1595 4476 atque
1633 4406 1961 4461 auctoritate
1998 4406 2333 4461 collectionis
2371 4405 2620 4461 Gratiani
2635 4448 2650 4471 ,
2696 4406 2840 4476 apud
2883 4408 3020 4459 Gal-

354 4492 615 4559 landium,
652 4489 733 4543 De
771 4488 1008 4542 vetustis
1058 4505 1324 4541 canonum
1361 4487 1769 4541 collectionibus
1807 4490 1910 4541 etc.
1949 4505 2000 4557 p.
2037 4487 2191 4551 424.;
2247 4488 2595 4554 Reiffenstuel
2612 4528 2628 4556 ,
2684 4486 2786 4540 Jus
2824 4504 3017 4540 canon.

352 4569 500 4624 univ.
538 4571 783 4624 Prooem.
821 4569 855 4636 ἓ
902 4569 968 4623 V.
1020 4587 1073 4623 n.
1113 4569 1228 4632 72.;
1285 4569 1602 4621 Benedictus
1649 4570 1805 4622 XIV.
1827 4610 1843 4637 ,
1899 4568 1980 4621 De
2030 4585 2311 4621 servorum
2359 4567 2461 4621 Dei
2498 4566 2684 4621 beatis.
2738 4569 2795 4620 et
2831 4567 3018 4620 beato-

351 4667 473 4702 rum
525 4649 841 4713 canonizat.,
878 4648 971 4703 lib.
1009 4648 1104 4702 IV.
1155 4651 1296 4718 part.
1335 4647 1384 4702 2.
1438 4665 1554 4718 cap.
1597 4649 1681 4701 17.
1727 4666 1780 4701 n.
1823 4648 1905 4701 10.
1964 4647 2124 4717 (Opp.
2163 4647 2244 4701 ed.
2284 4647 2477 4701 Venet.
2521 4647 2695 4711 1767,
2746 4649 2877 4700 tom.
2917 4646 3017 4700 IV.

352 4747 404 4799 p.
441 4727 616 4795 365.);
670 4731 825 4782 Sarti
841 4769 854 4792 ‚
903 4728 985 4782 De
1022 4727 1186 4782 claris
1224 4726 1652 4797 archigymnasii
1689 4726 2046 4781 Bononiensis
2082 4726 2494 4796 professoribuS,
2531 4729 2661 4780 tom.
2703 4725 2745 4779 Ι.
2790 4728 2932 4795 part.
2963 4727 3016 4779 1.

351 4827 404 4879 p.
444 4808 565 4862 262.
604 4808 637 4876 ἕ
676 4810 755 4873 9.;
797 4810 1041 4877 Peneius,
1081 4808 1183 4862 Jus
1220 4807 1540 4862 canonicum
1578 4811 1700 4872 etc.,
1736 4810 1865 4861 tom.
1904 4807 1945 4861 I.
1984 4825 2034 4877 p.
2077 4807 2196 4863 102.
