3355 5328
380 315 486 369 224
1212 319 1351 372 Pars
1388 319 1482 372 111.
1540 318 1748 387 Corpus
1780 317 1920 388 juris
1958 316 2216 371 canonici.

728 509 767 595 ξ
814 506 949 575 155.
1044 508 1415 577 Hodiernus
1465 511 1747 577 ambitus
1798 509 2098 598 Corporis
2139 511 2315 597 juris
2365 511 2681 578 canonici.

560 669 808 734 Verum
853 669 921 734 vi
981 670 1355 736 litterarum
1413 671 1714 737 brevium
1759 672 1982 755 Papae
2032 672 2328 757 Greyorii
2373 671 2570 736 XIII.
2591 695 2611 735 .·
2673 672 2879 752 Quum
2913 692 3045 754 pro

382 788 641 831 munere
676 771 1013 853 pastorali,
1065 768 1124 835 d.
1164 770 1222 835 d.
1263 772 1318 835 1.
1353 770 1484 836 Jul.
1524 771 1716 847 1580,
1766 769 1849 834 ad
1897 769 2143 853 Corpus
2182 769 2350 853 juris
2397 768 2689 834 canonici
2734 772 2877 834 tum
2906 769 3046 832 De-

381 867 633 929 cretum
682 865 1013 944 Gratiani,
1076 870 1217 932 tum
1265 868 1466 933 etiam
1514 868 1746 933 ambae
1794 868 2211 933 collectiones
2258 865 2858 948 Extravagantium
2877 916 2891 944 ‚
2940 865 3046 929 vi-

382 962 620 1028 delicet
650 965 889 1049 Viqinti
921 965 1505 1051 Extravayantium
1537 967 1762 1050 Papae
1791 967 2071 1030 Joanm’s
2095 966 2323 1031 XXII.
2361 969 2428 1031 et
2460 966 3047 1050 Extravaqantium

381 1064 837 1146 communium,
890 1062 989 1128 uti
1036 1085 1076 1128 a
1123 1064 1613 1129 Correctoribus
1659 1064 1927 1130 Decreti
1973 1064 2287 1129 Romanis
2333 1066 2487 1128 sunt
2532 1082 2843 1127 recensae
2861 1111 2875 1139 ‚
2924 1082 3046 1126 ne-

381 1159 666 1224 cessario
733 1160 1261 1227 adnumerandae
1325 1166 1480 1228 sunt
1501 1213 1515 1239 ,
1583 1162 1680 1228 ita
1745 1162 2005 1244 quidem
2028 1212 2042 1241 ,
2109 1166 2185 1227 ut
2241 1161 2393 1225 inde
2440 1182 2480 1225 a
2526 1164 2823 1244 tempore
2883 1159 3047 1224 dicti

383 1255 629 1322 Summi
675 1257 1011 1323 Pontificis
1057 1260 1141 1323 ad
1188 1260 1438 1344 Corpus
1477 1260 1644 1343 juris
1693 1260 1986 1326 canonici
2048 1259 2281 1325 referri
2328 1259 2644 1324 debeant:
2708 1260 3047 1323 Decretum

382 1356 728 1440 Gratiani,
794 1358 1156 1422 Decretales
1219 1359 1514 1444 Greqorii
1575 1360 1798 1444 Papae
1854 1359 1975 1424 IX.
1998 1410 2016 1442 ,
2083 1358 2280 1423 Liber
2339 1359 2567 1423 Sextus
2634 1358 3048 1421 decretalium

379 1453 713 1536 Bonifacii
775 1455 1000 1540 Papae
1053 1456 1244 1522 VIII.
1266 1507 1285 1540 ,
1357 1459 1622 1522 collectio
1694 1460 2199 1522 constitutionum
2274 1456 2605 1521 Clementis
2671 1455 2894 1539 Papae
2945 1454 3019 1518 V.
3025 1505 3045 1537 ,

384 1551 898 1636 Eoetravayantes
945 1554 1184 1637 Viqinti
1230 1555 1509 1619 Joanuis
1539 1556 1764 1639 Papae
1808 1555 2036 1619 XXII.
2088 1557 2287 1636 atque
2325 1555 2837 1637 Extravaqantes
2882 1573 3046 1616 com-

385 1670 620 1714 munes,
715 1650 791 1713 Id
837 1651 1052 1716 elucet
1099 1672 1135 1715 e
1181 1649 1503 1735 praefatis
1556 1653 1800 1718 litteris
1855 1652 2162 1717 brevibus
2208 1652 2429 1735 Papae
2478 1651 2774 1735 Greyorii
2818 1649 3045 1733 XIIL,

385 1746 618 1827 quibus
663 1747 768 1811 hic
814 1770 1014 1831 supra
1061 1748 1271 1814 dictas
1319 1750 1737 1816 collectiones
1777 1750 1944 1834 juris
1976 1749 2270 1815 canonici
2317 1770 2542 1814 omnes
2588 1747 2868 1831 primum
2906 1746 3045 1811 sin-

381 1844 662 1926 gillatim
710 1850 1051 1912 enumerat
1097 1851 1164 1913 et
1212 1847 1360 1912 dein
1407 1848 1599 1913 simul
1647 1849 2140 1932 comprehendit
2186 1851 2385 1929 atque
2430 1847 2728 1912 vocibus:
2773 1848 2889 1930 jus
2936 1868 3042 1910 ca-

384 1945 680 2008 nonicum
726 1947 826 2009 et:
861 1947 1042 2029 juris
1089 1950 1377 2012 canonici
1427 1949 1668 2032 Corpus
1718 1947 2022 2029 designat
2052 1946 2091 2012 ¹.

383 2146 561 2215 sunt),
612 2151 731 2201 tum
769 2149 1078 2219 hujusmodi
1115 2150 1515 2219 nuncupatione
1551 2150 1776 2204 Librum
1814 2167 2027 2219 quoque
2064 2153 2309 2203 nostrum
2348 2145 2729 2217 comprehendi
2764 2163 2923 2200 nemo
2959 2145 3042 2198 in·

382 2226 700 2282 flciabitur.“
781 2228 988 2294 Quibus
1024 2232 1208 2283 tamen
1245 2229 1389 2283 idem
1425 2231 1579 2299 Papa
1615 2230 1757 2284 hanc
1795 2229 2046 2301 adjungit
2080 2228 2442 2283 notationem:
2494 2227 2628 2294 „Sed
2666 2225 3043 2296 quaestionem

381 2307 710 2372 omittamuS‚
752 2327 889 2378 quae
927 2311 1040 2363 solo
1078 2310 1291 2363 nomine
1330 2310 1685 2364 continetur.“

566 2393 579 2421 ¹
621 2389 962 2443 Verbotenus
1002 2390 1153 2459 Papa
1192 2390 1488 2458 Gregorius
1527 2391 1672 2444 XIII.
1721 2390 1777 2443 in
1814 2391 2058 2461 praefato
2096 2390 2251 2443 brevi
2289 2390 2354 2443 de
2391 2389 2492 2442 hac
2545 2406 2604 2441 re
2643 2387 2803 2451 dicit,
2855 2389 2919 2440 ut
2955 2404 3040 2440 se·

382 2467 595 2535 quitur:
655 2470 900 2534 „Dudum
939 2513 950 2525 .
993 2512 1005 2524 .
1047 2513 1057 2523 .
1098 2470 1357 2523 adhibitis
1394 2471 1667 2524 nonnullis
1706 2489 1776 2524 ex
1812 2470 2076 2524 fratribus
2111 2470 2315 2523 nostris
2366 2472 2588 2523 sanctae
2626 2468 2900 2521 Romanae
2937 2466 3040 2519 Ec-

381 2547 581 2601 clesiae
620 2548 997 2603 Cardinalibus
1018 2593 1031 2615 ,
1085 2550 1338 2620 adjuncto
1387 2550 1552 2604 etiam
1590 2550 1896 2618 aliquorum
1935 2550 2179 2604 doctrina
2217 2553 2273 2603 et
2308 2549 2512 2619 pietate
2563 2547 2858 2616 insignium
2895 2546 3040 2600 viro-

381 2646 501 2682 rum
538 2628 734 2693 studi0‚
772 2632 1059 2684 Decretum
1103 2633 1365 2684 Gratiani
1399 2634 1772 2701 nuncupatum
1810 2631 2016 2700 absque
2053 2630 2254 2698 glossis
2270 2674 2283 2696 ,
2327 2648 2427 2684 nec
2464 2648 2572 2683 non
2607 2628 2750 2683 idem
2789 2625 3043 2682 Gratiani

380 2709 675 2764 Decretum
714 2729 837 2764 cum
874 2713 1245 2765 Decretalibus
1289 2715 1544 2779 Greyorii
1583 2715 1765 2781 Papae
1803 2715 1904 2766 IX.
1921 2754 1937 2781 ,
1989 2711 2428 2781 praedecessoris
2464 2710 2666 2774 nostri,
2707 2711 2883 2777 Seoeto,
2927 2709 3042 2760 Cle-

381 2793 629 2843 mentinis
680 2794 737 2845 et
771 2794 1270 2859 Extravaqantibus
1283 2833 1298 2861 ,
1350 2810 1457 2845 non
1493 2793 1655 2846 modo
1704 2811 1826 2846 cum
1873 2792 2152 2846 veteribus
2190 2792 2495 2859 glossarum
2547 2789 2875 2852 auctoribuS,
2915 2829 2929 2842 .
2969 2830 2981 2842 .
3027 2829 3040 2842 .

378 2888 571 2923 verum
610 2871 774 2925 etiam
813 2890 937 2925 cum
973 2872 1061 2925 his
1078 2914 1090 2936 ,
1131 2889 1269 2940 quae
1308 2873 1375 2925 ab
1414 2872 1596 2942 impiis
1634 2872 1991 2942 scriptoribus
2026 2876 2141 2926 tam
2179 2875 2337 2925 extra
2374 2872 2431 2924 in
2467 2869 2833 2937 marginibuS,
2874 2886 3040 2936 quam

381 2950 547 3003 etiam
583 2950 727 3004 intra
779 2970 1002 3021 aspersa
1039 2953 1259 3006 fuerant
1309 2952 1610 3006 catholicae
1647 2953 1874 3006 veritati
1925 2952 2195 3006 contraria
2212 2995 2225 3016 ,
2276 2951 2588 3015 revidendi,
2640 2947 2945 3016 corrigendi
2982 2952 3042 3002 et

381 3031 720 3100 expurgandi
758 3049 943 3085 curam
984 3032 1447 3086 demandavimus
1524 3032 1701 3097 Quum
1753 3037 1936 3086 autem
1973 3033 2150 3102 ipsum
2189 3035 2472 3086 Decretum
2522 3032 2728 3099 absque
2766 3028 2967 3097 glossis
3005 3046 3040 3082 a

378 3111 642 3179 praefatis
680 3130 712 3166 a
749 3112 903 3166 nobis
943 3112 1217 3182 deputatis
1250 3112 1367 3183 jam
1403 3116 1580 3166 totum
1632 3115 1978 3167 emendatum
2016 3116 2072 3166 et
2108 3116 2412 3167 correctum
2462 3130 2527 3165 ac
2563 3109 2837 3164 nonnullis
2874 3127 3038 3162 anno-

377 3190 676 3245 tationibus
712 3192 1047 3246 illustratum
1086 3193 1319 3257 existat,
1366 3193 1645 3263 ipsiusque
1683 3194 1855 3264 major
1891 3211 2019 3263 pars
2058 3211 2090 3246 a
2129 3193 2324 3246 dilecto
2361 3192 2472 3245 filio
2510 3191 2681 3245 Paulo
2722 3189 3038 3253 Constabili,

377 3274 508 3326 tunc
560 3272 702 3326 sacri
751 3272 924 3326 nostri
973 3272 1175 3326 Palatii
1224 3273 1526 3342 Apostolici
1561 3274 1830 3341 Magistro
1847 3316 1860 3338 ,
1912 3291 2020 3326 una
2071 3291 2194 3326 cum
2247 3273 2408 3327 dictis
2444 3274 2810 3326 Decretalibus
2857 3268 3039 3322 felicis

376 3352 766 3406 recordationis
811 3355 1063 3421 Greqorii
1097 3355 1215 3422 IX,
1254 3355 1691 3422 praedecessoris
1728 3353 1916 3418 nostri,
1949 3354 2064 3423 jam
2102 3352 2398 3423 impressiS,
2436 3351 2716 3419 recognita
2755 3353 2811 3404 et
2846 3367 3038 3419 appro-

377 3431 506 3485 bata
557 3432 631 3486 sit
651 3475 662 3497 ,
719 3433 985 3501 reliquum
1038 3451 1168 3487 vero
1222 3434 1464 3504 ejusdem
1500 3433 1722 3487 Decreti
1770 3452 1879 3487 una
1930 3452 2053 3487 011111
2104 3433 2541 3487 annotationibus
2592 3430 2883 3502 praedictis
2920 3433 3040 3483 tam

378 3513 584 3580 absque
621 3513 837 3580 glossis,
877 3531 1041 3582 quam
1077 3514 1257 3584 ipsum
1295 3517 1470 3567 totum
1508 3532 1633 3568 cum
1670 3514 1888 3582 glossis,
1928 3515 2250 3582 Sextumque
2296 3517 2351 3567 et
2392 3515 2744 3566 clementinas
2781 3510 2944 3564 simul
2982 3513 3040 3564 et

376 3595 809 3660 Extravayautes
846 3611 877 3647 a
917 3594 1111 3648 dilecto
1149 3594 1261 3648 filio
1300 3594 1454 3648 Sixto
1479 3595 1656 3659 Fabri,
1698 3595 1940 3665 ejusdem
1981 3595 2182 3648 Palatii
2218 3593 2392 3647 nostri
2428 3592 2727 3663 Apostolici
2752 3590 3039 3658 Magistro,

375 3675 811 3740 recognoscenda
850 3675 1029 3728 omnia
1068 3678 1124 3729 et
1161 3675 1508 3745 approbanda
1544 3675 1602 3728 in
1640 3675 1858 3728 officina
1907 3675 2092 3745 populi
2128 3674 2359 3727 Romani
2399 3716 2409 3727 .
2452 3715 2463 3727 .
2506 3716 2517 3726 .
2570 3671 2808 3742 imprimi
2845 3673 2901 3724 et
2938 3670 3038 3722 im-

376 3771 567 3821 pressa
604 3754 879 3821 divulgari
909 3755 1234 3825 jusserimus
1255 3797 1268 3819 ,
1325 3773 1389 3808 ac
1439 3760 1502 3809 ut
1553 3756 1622 3808 ad
1658 3755 1920 3825 majorem
1960 3754 2405 3809 christifidelium
2454 3753 2684 3821 ubique,
2739 3756 2854 3805 tam
2889 3750 3039 3804 intra

379 3850 541 3901 quam
580 3837 736 3887 extra
773 3835 1018 3900 Italiam,
1075 3836 1213 3889 citra
1250 3839 1306 3888 et
1343 3835 1488 3889 ultra
1525 3836 1741 3889 Montes
1779 3835 2225 3889 commorantium
2262 3834 2699 3888 commoditatem
2734 3833 2836 3886 hoc
2874 3834 3040 3884 Juris

382 3914 645 3966 Canonici
686 3915 894 3982 Corpus
930 3915 1165 3969 fideliter
1201 3919 1257 3969 et
1292 3915 1601 3986 incorrupte
1633 3916 1796 3987 juxta
1834 3917 2113 3986 exemplar
2148 3915 2237 3968 hic
2275 3916 2479 3968 Romae
2515 3914 2841 3984 impressum
2877 3929 2910 3965 a
2949 3928 3037 3964 ca·

374 3993 594 4049 tholicis
629 3995 1005 4064 typographis,
1044 4014 1076 4050 a
1112 3997 1354 4050 Romano
1391 3997 1588 4066 populo
1605 4039 1618 4061 ,
1657 3996 1777 4050 sive
1815 3997 1882 4050 ab
1921 4015 1983 4050 eo
2022 3995 2295 4066 deputatis
2332 3995 2423 4049 vel
2459 4013 2555 4065 pro
2592 3998 2834 4064 tempore
2870 3992 3038 4061 depu-

375 4074 558 4127 tandis
597 4074 802 4139 electiS‚
840 4075 1077 4145 imprimi
1114 4076 1315 4146 possit:
1355 4077 1467 4130 Nos
1505 4079 1803 4147 opportune
1829 4076 2113 4146 providere
2139 4076 2402 4139 volenteS,
2441 4078 2502 4129 ut
2536 4074 2639 4128 hoc
2666 4076 2770 4128 Jus
2798 4073 3038 4125 Canoni-

377 4173 497 4207 cum
533 4155 613 4208 sic
652 4159 1015 4225 expurgatum
1069 4157 1139 4210 ad
1190 4174 1375 4210 omnes
1426 4156 1626 4225 ubique
1666 4156 2059 4210 Christifideles
2110 4159 2319 4209 sartum
2354 4157 2562 4208 tectum
2600 4153 2911 4224 perveniat,
2971 4167 3038 4204 ac

375 4252 444 4288 ne
482 4235 734 4304 cuiquam
771 4235 937 4290 liceat
974 4235 1149 4290 eidem
1187 4237 1335 4306 operi
1374 4236 1667 4307 quicquam
1706 4237 1933 4301 addere,
1986 4237 2078 4291 vel
2112 4236 2417 4300 immutare,
2457 4238 2553 4289 aut
2587 4235 2877 4296 invertere,
2915 4230 3036 4284 nul·

375 4315 500 4369 lave
537 4316 1025 4386 interpretamenta
1061 4317 1357 4387 adjungere
1374 4360 1386 4382 ,
1439 4319 1535 4372 sed
1573 4321 1735 4388 prout
1770 4317 1827 4370 in
1862 4317 1967 4370 hac
2002 4320 2189 4370 nostra
2226 4316 2372 4370 Urbe
2410 4315 2583 4368 Roma
2619 4331 2763 4367 1111110
2806 4313 3033 4382 impres-

375 4413 497 4450 sum
533 4397 667 4462 fuit,
720 4415 934 4467 semper
971 4400 1028 4451 et
1063 4401 1322 4467 perpetuo
1359 4398 1635 4466 integrum
1683 4401 1739 4451 et
1775 4397 2146 4467 incorruptum
2183 4399 2565 4450 conservetur:
2617 4397 2767 4448 motu
2815 4392 3033 4464 proprio

377 4478 433 4529 et
470 4495 539 4530 ex
577 4480 728 4531 certa
763 4481 950 4532 nostra
987 4478 1232 4542 scientia,
1272 4496 1336 4532 ac
1373 4479 1438 4532 de
1463 4478 1811 4548 Apostolicae
1848 4477 2136 4547 potestatis
2174 4475 2509 4547 plenitudine
2547 4475 2794 4529 omnibus
2833 4477 2889 4527 et
2925 4473 3033 4526 sin-

375 4557 522 4624 gulis
562 4599 574 4611 .
615 4599 626 4611 .
669 4600 680 4611 .
720 4558 1080 4628 typographis
1120 4562 1176 4612 et
1211 4558 1470 4611 librorum
1495 4558 1914 4628 impressoribus
1940 4575 2005 4612 ac
2030 4557 2352 4627 bibliopolis,
2392 4559 2447 4610 et
2473 4555 2882 4624 quibuscunque
2908 4552 3034 4606 aliis

375 4637 622 4706 personis
659 4638 945 4707 utriusque
983 4656 1150 4692 sexus
1190 4681 1201 4692 .
1245 4681 1256 4692 .
1299 4680 1310 4692 .
1359 4639 1416 4692 in
1452 4639 1660 4693 virtute
1699 4641 1922 4693 sanctae
1960 4638 2297 4692 obedientiae
2337 4680 2348 4691 .
2391 4679 2402 4691 .
2444 4679 2455 4691 .
2495 4635 2811 4706 Apostolica
2849 4636 3032 4687 aucto-

375 4715 540 4771 ritate
577 4721 763 4772 tenore
801 4719 1171 4788 praesentium
1224 4718 1531 4773 inhibemus
1584 4722 1640 4773 et
1675 4718 2072 4782 interdicimuS,
2129 4736 2197 4771 ne
2234 4718 2406 4788 ipsius
2451 4719 2712 4770 Gratiani
2747 4717 3034 4769 Decretum

377 4816 501 4853 cum
539 4798 978 4853 annotationibus
995 4842 1007 4864 ‚
1047 4803 1103 4853 et
1138 4799 1281 4854 idem
1320 4818 1442 4854 cum
1480 4798 1698 4868 glossis,
1738 4800 2107 4853 Decretalibus
2150 4801 2403 4867 Greyorii
2439 4801 2558 4861 IX,
2596 4797 3031 4867 praedecessoris
