<?xml version="1.0" encoding="UTF-8"?>
<!DOCTYPE html PUBLIC "-//W3C//DTD XHTML 1.0 Transitional//EN"
    "http://www.w3.org/TR/xhtml1/DTD/xhtml1-transitional.dtd">
<html xmlns="http://www.w3.org/1999/xhtml" xml:lang="en" lang="en">
 <head>
  <title>
</title>
<meta http-equiv="Content-Type" content="text/html;charset=utf-8" />
  <meta name='ocr-system' content='tesseract 3.04.00' />
  <meta name='ocr-capabilities' content='ocr_page ocr_carea ocr_par ocr_line ocrx_word'/>
</head>
<body>
  <div class='ocr_page' id='page_1' title='image "./introductioinco00laurgoog_0074.png"; bbox 0 0 3355 5328; ppageno 0'>
   <div class='ocr_carea' id='block_1_1' title="bbox 408 327 2171 383">
    <p class='ocr_par' dir='ltr' id='par_1_1' title="bbox 408 327 2171 383">
     <span class='ocr_line' id='line_1_1' title="bbox 408 327 2171 383; baseline 0.001 -3"><span class='ocrx_word' id='word_1_1' title='bbox 408 329 478 383; x_wconf 84' lang='lat'>50</span> <span class='ocrx_word' id='word_1_2' title='bbox 1305 328 1443 381; x_wconf 81' lang='lat' dir='ltr'>Pars</span> <span class='ocrx_word' id='word_1_3' title='bbox 1481 328 1521 381; x_wconf 93' lang='grc' dir='ltr'>Ι.</span> <span class='ocrx_word' id='word_1_4' title='bbox 1575 328 1867 381; x_wconf 75' lang='lat' dir='ltr'>Decretum</span> <span class='ocrx_word' id='word_1_5' title='bbox 1907 327 2171 382; x_wconf 87' lang='lat' dir='ltr'>Gratiani.</span> 
     </span>
    </p>
   </div>
   <div class='ocr_carea' id='block_1_2' title="bbox 406 486 3069 1936">
    <p class='ocr_par' dir='ltr' id='par_1_2' title="bbox 406 486 3069 1454">
     <span class='ocr_line' id='line_1_2' title="bbox 589 486 3064 571; baseline 0 -20"><span class='ocrx_word' id='word_1_6' title='bbox 589 490 648 552; x_wconf 88' lang='lat'>4.</span> <span class='ocrx_word' id='word_1_7' title='bbox 698 489 1055 553; x_wconf 84' lang='lat' dir='ltr'>Broearda.</span> <span class='ocrx_word' id='word_1_8' title='bbox 1147 487 1516 571; x_wconf 86' lang='lat' dir='ltr'>Cujusmodi</span> <span class='ocrx_word' id='word_1_9' title='bbox 1564 508 1747 571; x_wconf 90' lang='lat' dir='ltr'>opus,</span> <span class='ocrx_word' id='word_1_10' title='bbox 1795 488 2024 555; x_wconf 91' lang='lat' dir='ltr'>habita</span> <span class='ocrx_word' id='word_1_11' title='bbox 2070 488 2260 553; x_wconf 91' lang='lat' dir='ltr'>simul</span> <span class='ocrx_word' id='word_1_12' title='bbox 2307 488 2563 553; x_wconf 90' lang='lat' dir='ltr'>ratione</span> <span class='ocrx_word' id='word_1_13' title='bbox 2610 486 3064 552; x_wconf 77' lang='lat' dir='ltr'>collectionum</span> 
     </span>
     <span class='ocr_line' id='line_1_3' title="bbox 412 583 3065 669; baseline -0.001 -19"><span class='ocrx_word' id='word_1_14' title='bbox 412 585 833 650; x_wconf 79' lang='lat' dir='ltr'>decretalium</span> <span class='ocrx_word' id='word_1_15' title='bbox 851 636 865 663; x_wconf 90' lang='lat'>,</span> <span class='ocrx_word' id='word_1_16' title='bbox 930 606 1095 666; x_wconf 91' lang='lat' dir='ltr'>quae</span> <span class='ocrx_word' id='word_1_17' title='bbox 1141 589 1299 651; x_wconf 90' lang='lat' dir='ltr'>tunc</span> <span class='ocrx_word' id='word_1_18' title='bbox 1340 587 1477 669; x_wconf 84' lang='lat' dir='ltr'>jam</span> <span class='ocrx_word' id='word_1_19' title='bbox 1526 587 1883 651; x_wconf 84' lang='lat' dir='ltr'>exstabant</span> <span class='ocrx_word' id='word_1_20' title='bbox 1901 637 1914 664; x_wconf 91' lang='lat'>‚</span> <span class='ocrx_word' id='word_1_21' title='bbox 1966 586 2270 652; x_wconf 84' lang='lat' dir='ltr'>exaravit</span> <span class='ocrx_word' id='word_1_22' title='bbox 2315 588 2663 669; x_wconf 84' lang='lat' dir='ltr'>Damasus,</span> <span class='ocrx_word' id='word_1_23' title='bbox 2714 605 2908 667; x_wconf 90' lang='lat' dir='ltr'>quem</span> <span class='ocrx_word' id='word_1_24' title='bbox 2954 583 3065 649; x_wconf 93' lang='lat' dir='ltr'>alii</span> 
     </span>
     <span class='ocr_line' id='line_1_4' title="bbox 410 682 3066 770; baseline -0 -23"><span class='ocrx_word' id='word_1_25' title='bbox 410 685 786 768; x_wconf 58' lang='lat' dir='ltr'>Hominum,</span> <span class='ocrx_word' id='word_1_26' title='bbox 848 683 956 749; x_wconf 89' lang='lat' dir='ltr'>alii</span> <span class='ocrx_word' id='word_1_27' title='bbox 1006 685 1395 770; x_wconf 73' lang='lat' dir='ltr'>Hunyarum</span> <span class='ocrx_word' id='word_1_28' title='bbox 1442 684 1643 749; x_wconf 87' lang='lat' dir='ltr'>fuisse</span> <span class='ocrx_word' id='word_1_29' title='bbox 1693 689 2016 763; x_wconf 90' lang='lat' dir='ltr'>asserunt,</span> <span class='ocrx_word' id='word_1_30' title='bbox 2072 685 2222 750; x_wconf 92' lang='lat' dir='ltr'>inde</span> <span class='ocrx_word' id='word_1_31' title='bbox 2269 685 2350 749; x_wconf 92' lang='lat' dir='ltr'>ab</span> <span class='ocrx_word' id='word_1_32' title='bbox 2400 706 2456 750; x_wconf 92' lang='lat' dir='ltr'>a.</span> <span class='ocrx_word' id='word_1_33' title='bbox 2512 686 2682 749; x_wconf 83' lang='lat'>1210</span> <span class='ocrx_word' id='word_1_34' title='bbox 2728 703 2935 765; x_wconf 90' lang='lat' dir='ltr'>usque</span> <span class='ocrx_word' id='word_1_35' title='bbox 2981 682 3066 747; x_wconf 94' lang='lat' dir='ltr'>ad</span> 
     </span>
     <span class='ocr_line' id='line_1_5' title="bbox 409 780 3064 866; baseline -0 -21"><span class='ocrx_word' id='word_1_36' title='bbox 409 804 467 846; x_wconf 87' lang='lat' dir='ltr'>a.</span> <span class='ocrx_word' id='word_1_37' title='bbox 524 786 691 857; x_wconf 82' lang='grc'>1215</span> <span class='ocrx_word' id='word_1_38' title='bbox 740 782 1076 847; x_wconf 83' lang='lat' dir='ltr'>Bononiae</span> <span class='ocrx_word' id='word_1_39' title='bbox 1116 782 1281 864; x_wconf 84' lang='lat' dir='ltr'>juris</span> <span class='ocrx_word' id='word_1_40' title='bbox 1331 782 1623 847; x_wconf 88' lang='lat' dir='ltr'>canonici</span> <span class='ocrx_word' id='word_1_41' title='bbox 1670 782 2006 866; x_wconf 79' lang='lat' dir='ltr'>professor</span> <span class='ocrx_word' id='word_1_42' title='bbox 2038 781 2074 849; x_wconf 91' lang='lat'>¹.</span> <span class='ocrx_word' id='word_1_43' title='bbox 2156 784 2301 847; x_wconf 94' lang='lat' dir='ltr'>Hoc</span> <span class='ocrx_word' id='word_1_44' title='bbox 2347 803 2511 865; x_wconf 93' lang='lat' dir='ltr'>opus</span> <span class='ocrx_word' id='word_1_45' title='bbox 2558 783 2836 846; x_wconf 79' lang='lat' dir='ltr'>Damasi</span> <span class='ocrx_word' id='word_1_46' title='bbox 2883 780 3064 845; x_wconf 92' lang='lat' dir='ltr'>dein-</span> 
     </span>
     <span class='ocr_line' id='line_1_6' title="bbox 408 878 3065 965; baseline -0 -21"><span class='ocrx_word' id='word_1_47' title='bbox 408 901 579 963; x_wconf 59' lang='lat' dir='ltr'>cepa</span> <span class='ocrx_word' id='word_1_48' title='bbox 627 881 853 946; x_wconf 91' lang='lat' dir='ltr'>habita</span> <span class='ocrx_word' id='word_1_49' title='bbox 899 880 1154 945; x_wconf 90' lang='lat' dir='ltr'>ratione</span> <span class='ocrx_word' id='word_1_50' title='bbox 1203 880 1602 945; x_wconf 79' lang='lat' dir='ltr'>collectionis</span> <span class='ocrx_word' id='word_1_51' title='bbox 1651 880 2076 946; x_wconf 84' lang='lat' dir='ltr'>decretalium</span> <span class='ocrx_word' id='word_1_52' title='bbox 2124 882 2345 964; x_wconf 85' lang='lat' dir='ltr'>Papae</span> <span class='ocrx_word' id='word_1_53' title='bbox 2393 882 2687 965; x_wconf 71' lang='lat' dir='ltr'>Greqorii</span> <span class='ocrx_word' id='word_1_54' title='bbox 2733 879 2853 944; x_wconf 90' lang='lat' dir='ltr'>IX.</span> <span class='ocrx_word' id='word_1_55' title='bbox 2873 931 2891 962; x_wconf 79' lang='lat'><em>‚</em></span> <span class='ocrx_word' id='word_1_56' title='bbox 2961 878 3065 943; x_wconf 81' lang='lat' dir='ltr'>die</span> 
     </span>
     <span class='ocr_line' id='line_1_7' title="bbox 409 976 3067 1062; baseline -0.001 -20"><span class='ocrx_word' id='word_1_57' title='bbox 409 980 468 1043; x_wconf 83' lang='lat'>5.</span> <span class='ocrx_word' id='word_1_58' title='bbox 521 978 919 1062; x_wconf 81' lang='lat' dir='ltr'>Septembris</span> <span class='ocrx_word' id='word_1_59' title='bbox 970 980 1139 1042; x_wconf 84' lang='grc'>1234</span> <span class='ocrx_word' id='word_1_60' title='bbox 1185 978 1587 1061; x_wconf 89' lang='lat' dir='ltr'>publicatae,</span> <span class='ocrx_word' id='word_1_61' title='bbox 1649 978 2038 1044; x_wconf 88' lang='lat' dir='ltr'>reformavit</span> <span class='ocrx_word' id='word_1_62' title='bbox 2083 981 2638 1062; x_wconf 83' lang='lat' dir='ltr'>Bartholomaeus,</span> <span class='ocrx_word' id='word_1_63' title='bbox 2688 976 2954 1041; x_wconf 81' lang='lat' dir='ltr'>Brixiae</span> <span class='ocrx_word' id='word_1_64' title='bbox 2999 976 3067 1041; x_wconf 90' lang='lat' dir='ltr'>in</span> 
     </span>
     <span class='ocr_line' id='line_1_8' title="bbox 408 1074 3065 1159; baseline 0 -20"><span class='ocrx_word' id='word_1_65' title='bbox 408 1076 799 1142; x_wconf 90' lang='lat' dir='ltr'>Lombardia</span> <span class='ocrx_word' id='word_1_66' title='bbox 843 1080 1060 1153; x_wconf 79' lang='lat' dir='ltr'>natUS‚</span> <span class='ocrx_word' id='word_1_67' title='bbox 1112 1079 1179 1141; x_wconf 91' lang='lat' dir='ltr'>et</span> <span class='ocrx_word' id='word_1_68' title='bbox 1225 1075 1374 1140; x_wconf 91' lang='lat' dir='ltr'>hinc</span> <span class='ocrx_word' id='word_1_69' title='bbox 1408 1078 1774 1141; x_wconf 70' lang='lat' dir='ltr'>Brioeiensis</span> <span class='ocrx_word' id='word_1_70' title='bbox 1822 1077 2339 1159; x_wconf 85' lang='lat' dir='ltr'>cognominatus,</span> <span class='ocrx_word' id='word_1_71' title='bbox 2381 1075 2546 1159; x_wconf 88' lang='lat' dir='ltr'>juris</span> <span class='ocrx_word' id='word_1_72' title='bbox 2597 1074 2890 1140; x_wconf 90' lang='lat' dir='ltr'>canonici</span> <span class='ocrx_word' id='word_1_73' title='bbox 2933 1075 3065 1140; x_wconf 94' lang='lat' dir='ltr'>Bo-</span> 
     </span>
     <span class='ocr_line' id='line_1_9' title="bbox 407 1172 3066 1259; baseline -0.002 -16"><span class='ocrx_word' id='word_1_74' title='bbox 407 1177 640 1243; x_wconf 90' lang='lat' dir='ltr'>noniae</span> <span class='ocrx_word' id='word_1_75' title='bbox 689 1175 861 1240; x_wconf 91' lang='lat' dir='ltr'>circa</span> <span class='ocrx_word' id='word_1_76' title='bbox 906 1174 1191 1239; x_wconf 90' lang='lat' dir='ltr'>medium</span> <span class='ocrx_word' id='word_1_77' title='bbox 1237 1195 1406 1239; x_wconf 89' lang='lat' dir='ltr'>saec.</span> <span class='ocrx_word' id='word_1_78' title='bbox 1457 1174 1632 1240; x_wconf 93' lang='lat' dir='ltr'>XIII.</span> <span class='ocrx_word' id='word_1_79' title='bbox 1682 1174 2015 1259; x_wconf 87' lang='lat' dir='ltr'>professor</span> <span class='ocrx_word' id='word_1_80' title='bbox 2062 1173 2132 1257; x_wconf 83' lang='lat'>(†</span> <span class='ocrx_word' id='word_1_81' title='bbox 2182 1175 2381 1257; x_wconf 86' lang='grc'>1258)</span> <span class='ocrx_word' id='word_1_82' title='bbox 2404 1172 2446 1240; x_wconf 78' lang='lat'>².</span> <span class='ocrx_word' id='word_1_83' title='bbox 2542 1173 2725 1251; x_wconf 84' lang='lat' dir='ltr'>Quod</span> <span class='ocrx_word' id='word_1_84' title='bbox 2772 1194 2934 1256; x_wconf 90' lang='lat' dir='ltr'>opus</span> <span class='ocrx_word' id='word_1_85' title='bbox 2983 1174 3066 1238; x_wconf 91' lang='lat' dir='ltr'>ab</span> 
     </span>
     <span class='ocr_line' id='line_1_10' title="bbox 406 1271 3069 1341; baseline -0.002 0"><span class='ocrx_word' id='word_1_86' title='bbox 406 1277 529 1341; x_wconf 88' lang='lat' dir='ltr'>hoc</span> <span class='ocrx_word' id='word_1_87' title='bbox 574 1274 718 1339; x_wconf 88' lang='lat' dir='ltr'>viro</span> <span class='ocrx_word' id='word_1_88' title='bbox 766 1272 1020 1337; x_wconf 90' lang='lat' dir='ltr'>erudito</span> <span class='ocrx_word' id='word_1_89' title='bbox 1085 1272 1182 1337; x_wconf 90' lang='lat' dir='ltr'>ita</span> <span class='ocrx_word' id='word_1_90' title='bbox 1240 1271 1667 1338; x_wconf 89' lang='lat' dir='ltr'>reformatum</span> <span class='ocrx_word' id='word_1_91' title='bbox 1731 1273 2161 1338; x_wconf 87' lang='lat' dir='ltr'>communiter</span> <span class='ocrx_word' id='word_1_92' title='bbox 2209 1275 2548 1338; x_wconf 85' lang='lat' dir='ltr'>Broearda</span> <span class='ocrx_word' id='word_1_93' title='bbox 2596 1273 3069 1337; x_wconf 84' lang='lat' dir='ltr'>Bartholomaei</span> 
     </span>
     <span class='ocr_line' id='line_1_11' title="bbox 412 1368 1257 1454; baseline -0.004 -16"><span class='ocrx_word' id='word_1_94' title='bbox 412 1375 771 1438; x_wconf 71' lang='lat' dir='ltr'>Brioeiensis</span> <span class='ocrx_word' id='word_1_95' title='bbox 818 1370 1189 1454; x_wconf 90' lang='lat' dir='ltr'>appellatur</span> <span class='ocrx_word' id='word_1_96' title='bbox 1215 1368 1257 1435; x_wconf 86' lang='lat'>³.</span> 
     </span>
    </p>

    <p class='ocr_par' dir='ltr' id='par_1_3' title="bbox 406 1474 3068 1936">
     <span class='ocr_line' id='line_1_12' title="bbox 590 1474 3066 1560; baseline -0.002 -17"><span class='ocrx_word' id='word_1_97' title='bbox 590 1482 648 1545; x_wconf 87' lang='lat'>5.</span> <span class='ocrx_word' id='word_1_98' title='bbox 715 1480 917 1544; x_wconf 82' lang='lat' dir='ltr'>Casus</span> <span class='ocrx_word' id='word_1_99' title='bbox 965 1480 1033 1542; x_wconf 91' lang='lat' dir='ltr'>et</span> <span class='ocrx_word' id='word_1_100' title='bbox 1080 1479 1408 1541; x_wconf 77' lang='lat' dir='ltr'>Historiae</span> <span class='ocrx_word' id='word_1_101' title='bbox 1454 1478 1727 1542; x_wconf 84' lang='lat' dir='ltr'>Decreti.</span> <span class='ocrx_word' id='word_1_102' title='bbox 1823 1477 2068 1542; x_wconf 91' lang='lat' dir='ltr'>Prioris</span> <span class='ocrx_word' id='word_1_103' title='bbox 2124 1478 2384 1560; x_wconf 87' lang='lat' dir='ltr'>generis</span> <span class='ocrx_word' id='word_1_104' title='bbox 2445 1498 2607 1560; x_wconf 92' lang='lat' dir='ltr'>opus</span> <span class='ocrx_word' id='word_1_105' title='bbox 2655 1474 2887 1556; x_wconf 89' lang='lat' dir='ltr'>(Casus</span> <span class='ocrx_word' id='word_1_106' title='bbox 2933 1476 3066 1540; x_wconf 92' lang='lat' dir='ltr'>De-</span> 
     </span>
     <span class='ocr_line' id='line_1_13' title="bbox 409 1573 3068 1660; baseline -0.003 -16"><span class='ocrx_word' id='word_1_107' title='bbox 409 1578 597 1659; x_wconf 90' lang='lat' dir='ltr'>creti)</span> <span class='ocrx_word' id='word_1_108' title='bbox 658 1576 962 1642; x_wconf 86' lang='lat' dir='ltr'>exaravit</span> <span class='ocrx_word' id='word_1_109' title='bbox 1022 1577 1421 1659; x_wconf 84' lang='lat' dir='ltr'>Beneneasa,</span> <span class='ocrx_word' id='word_1_110' title='bbox 1488 1574 1705 1658; x_wconf 90' lang='lat' dir='ltr'>patria</span> <span class='ocrx_word' id='word_1_111' title='bbox 1766 1578 2094 1660; x_wconf 78' lang='lat' dir='ltr'>Senensis,</span> <span class='ocrx_word' id='word_1_112' title='bbox 2157 1576 2492 1660; x_wconf 86' lang='lat' dir='ltr'>professor</span> <span class='ocrx_word' id='word_1_113' title='bbox 2544 1574 2712 1658; x_wconf 85' lang='lat' dir='ltr'>juris</span> <span class='ocrx_word' id='word_1_114' title='bbox 2772 1573 3068 1639; x_wconf 90' lang='lat' dir='ltr'>canonici</span> 
     </span>
     <span class='ocr_line' id='line_1_14' title="bbox 408 1672 3067 1756; baseline -0.002 -14"><span class='ocrx_word' id='word_1_115' title='bbox 408 1676 741 1742; x_wconf 89' lang='lat' dir='ltr'>Bononiae</span> <span class='ocrx_word' id='word_1_116' title='bbox 788 1673 859 1756; x_wconf 82' lang='lat'>(†</span> <span class='ocrx_word' id='word_1_117' title='bbox 911 1672 1109 1753; x_wconf 86' lang='grc'>1206)</span> <span class='ocrx_word' id='word_1_118' title='bbox 1132 1672 1175 1738; x_wconf 75' lang='lat'>⁴.</span> <span class='ocrx_word' id='word_1_119' title='bbox 1270 1673 1414 1737; x_wconf 91' lang='lat' dir='ltr'>Hoc</span> <span class='ocrx_word' id='word_1_120' title='bbox 1461 1693 1623 1756; x_wconf 91' lang='lat' dir='ltr'>opus</span> <span class='ocrx_word' id='word_1_121' title='bbox 1673 1673 1904 1737; x_wconf 93' lang='lat' dir='ltr'>deinde</span> <span class='ocrx_word' id='word_1_122' title='bbox 1950 1673 2279 1739; x_wconf 88' lang='lat' dir='ltr'>recensuit</span> <span class='ocrx_word' id='word_1_123' title='bbox 2325 1678 2393 1739; x_wconf 91' lang='lat' dir='ltr'>et</span> <span class='ocrx_word' id='word_1_124' title='bbox 2438 1672 2828 1738; x_wconf 88' lang='lat' dir='ltr'>reformavit</span> <span class='ocrx_word' id='word_1_125' title='bbox 2873 1691 3067 1755; x_wconf 89' lang='lat' dir='ltr'>prae·</span> 
     </span>
     <span class='ocr_line' id='line_1_15' title="bbox 406 1769 3068 1851; baseline -0.003 -12"><span class='ocrx_word' id='word_1_126' title='bbox 406 1773 584 1839; x_wconf 85' lang='lat' dir='ltr'>fatus</span> <span class='ocrx_word' id='word_1_127' title='bbox 617 1774 1139 1837; x_wconf 75' lang='lat' dir='ltr'>Bartholomaeus</span> <span class='ocrx_word' id='word_1_128' title='bbox 1179 1771 1583 1850; x_wconf 80' lang='lat' dir='ltr'>Brixiensis;</span> <span class='ocrx_word' id='word_1_129' title='bbox 1630 1790 1670 1834; x_wconf 90' lang='lat' dir='ltr'>a</span> <span class='ocrx_word' id='word_1_130' title='bbox 1718 1790 1845 1851; x_wconf 92' lang='lat' dir='ltr'>quo</span> <span class='ocrx_word' id='word_1_131' title='bbox 1892 1791 2231 1836; x_wconf 89' lang='lat' dir='ltr'>recensum</span> <span class='ocrx_word' id='word_1_132' title='bbox 2278 1773 2345 1836; x_wconf 90' lang='lat' dir='ltr'>et</span> <span class='ocrx_word' id='word_1_133' title='bbox 2389 1769 2817 1835; x_wconf 90' lang='lat' dir='ltr'>reformatum</span> <span class='ocrx_word' id='word_1_134' title='bbox 2864 1769 3068 1849; x_wconf 75' lang='lat' dir='ltr'>vulgo</span> 
     </span>
     <span class='ocr_line' id='line_1_16' title="bbox 412 1866 2930 1936; baseline -0.001 -1"><span class='ocrx_word' id='word_1_135' title='bbox 412 1874 612 1936; x_wconf 82' lang='lat' dir='ltr'>Casus</span> <span class='ocrx_word' id='word_1_136' title='bbox 662 1871 1131 1934; x_wconf 68' lang='lat' dir='ltr'>Bar-tholomaei</span> <span class='ocrx_word' id='word_1_137' title='bbox 1177 1869 1541 1932; x_wconf 83' lang='lat' dir='ltr'>Brixiensis</span> <span class='ocrx_word' id='word_1_138' title='bbox 1590 1866 1716 1931; x_wconf 90' lang='lat' dir='ltr'>dici</span> <span class='ocrx_word' id='word_1_139' title='bbox 1764 1868 1932 1933; x_wconf 90' lang='lat' dir='ltr'>solet</span> <span class='ocrx_word' id='word_1_140' title='bbox 1954 1866 1997 1934; x_wconf 82' lang='lat'>⁵.</span> <span class='ocrx_word' id='word_1_141' title='bbox 2925 1889 2930 1894; x_wconf 91' lang='grc'><strong><em>·</em></strong></span> 
     </span>
    </p>
   </div>
   <div class='ocr_carea' id='block_1_3' title="bbox 408 1973 3070 2254">
    <p class='ocr_par' dir='ltr' id='par_1_4' title="bbox 408 1973 3070 2254">
     <span class='ocr_line' id='line_1_17' title="bbox 589 1973 3068 2058; baseline -0.002 -17"><span class='ocrx_word' id='word_1_142' title='bbox 589 1976 879 2042; x_wconf 90' lang='lat' dir='ltr'>Alterius</span> <span class='ocrx_word' id='word_1_143' title='bbox 927 1974 1187 2057; x_wconf 85' lang='lat' dir='ltr'>generis</span> <span class='ocrx_word' id='word_1_144' title='bbox 1236 1996 1398 2057; x_wconf 92' lang='lat' dir='ltr'>opus</span> <span class='ocrx_word' id='word_1_145' title='bbox 1446 1973 1803 2055; x_wconf 88' lang='lat' dir='ltr'>(Historias</span> <span class='ocrx_word' id='word_1_146' title='bbox 1851 1976 2142 2058; x_wconf 89' lang='lat' dir='ltr'>Decreti)</span> <span class='ocrx_word' id='word_1_147' title='bbox 2191 1975 2571 2053; x_wconf 89' lang='lat' dir='ltr'>adornavit,</span> <span class='ocrx_word' id='word_1_148' title='bbox 2639 1974 2736 2039; x_wconf 92' lang='lat' dir='ltr'>uti</span> <span class='ocrx_word' id='word_1_149' title='bbox 2783 1973 3068 2050; x_wconf 87' lang='lat' dir='ltr'>videtur,</span> 
     </span>
     <span class='ocr_line' id='line_1_18' title="bbox 408 2071 3070 2159; baseline -0.002 -18"><span class='ocrx_word' id='word_1_150' title='bbox 408 2080 586 2141; x_wconf 90' lang='lat' dir='ltr'>certe</span> <span class='ocrx_word' id='word_1_151' title='bbox 647 2076 786 2158; x_wconf 87' lang='lat' dir='ltr'>ejus</span> <span class='ocrx_word' id='word_1_152' title='bbox 848 2073 1207 2138; x_wconf 90' lang='lat' dir='ltr'>adornandi</span> <span class='ocrx_word' id='word_1_153' title='bbox 1274 2094 1502 2137; x_wconf 90' lang='lat' dir='ltr'>ansam</span> <span class='ocrx_word' id='word_1_154' title='bbox 1565 2072 1744 2138; x_wconf 90' lang='lat' dir='ltr'>dedit</span> <span class='ocrx_word' id='word_1_155' title='bbox 1803 2074 2214 2159; x_wconf 77' lang='lat' dir='ltr'>Paueapalea</span> <span class='ocrx_word' id='word_1_156' title='bbox 2241 2071 2283 2139; x_wconf 75' lang='lat'>⁶.</span> <span class='ocrx_word' id='word_1_157' title='bbox 2378 2073 2582 2138; x_wconf 88' lang='lat' dir='ltr'>Porro</span> <span class='ocrx_word' id='word_1_158' title='bbox 2643 2071 2806 2137; x_wconf 88' lang='lat' dir='ltr'>talia</span> <span class='ocrx_word' id='word_1_159' title='bbox 2867 2092 3070 2154; x_wconf 90' lang='lat' dir='ltr'>opera</span> 
     </span>
     <span class='ocr_line' id='line_1_19' title="bbox 408 2167 3068 2254; baseline -0.001 -16"><span class='ocrx_word' id='word_1_160' title='bbox 408 2176 856 2239; x_wconf 87' lang='lat' dir='ltr'>exaraverunt</span> <span class='ocrx_word' id='word_1_161' title='bbox 911 2172 1048 2254; x_wconf 86' lang='lat' dir='ltr'>jam</span> <span class='ocrx_word' id='word_1_162' title='bbox 1112 2170 1297 2235; x_wconf 90' lang='lat' dir='ltr'>citati</span> <span class='ocrx_word' id='word_1_163' title='bbox 1346 2172 1676 2253; x_wconf 84' lang='lat' dir='ltr'>Damasus</span> <span class='ocrx_word' id='word_1_164' title='bbox 1697 2170 1741 2254; x_wconf 81' lang='lat'>⁷,</span> <span class='ocrx_word' id='word_1_165' title='bbox 1804 2174 2003 2253; x_wconf 88' lang='lat' dir='ltr'>atque</span> <span class='ocrx_word' id='word_1_166' title='bbox 2048 2173 2574 2237; x_wconf 80' lang='lat' dir='ltr'>Bartholomaeus</span> <span class='ocrx_word' id='word_1_167' title='bbox 2633 2171 3002 2234; x_wconf 73' lang='lat' dir='ltr'>Brioeiensis</span> <span class='ocrx_word' id='word_1_168' title='bbox 3023 2167 3068 2235; x_wconf 78' lang='lat'>⁸.</span> 
     </span>
    </p>
   </div>
   <div class='ocr_carea' id='block_1_4' title="bbox 407 2276 3072 3243">
    <p class='ocr_par' dir='ltr' id='par_1_5' title="bbox 407 2276 3072 3243">
     <span class='ocr_line' id='line_1_20' title="bbox 588 2276 3067 2361; baseline -0.002 -17"><span class='ocrx_word' id='word_1_169' title='bbox 588 2283 647 2346; x_wconf 82' lang='lat'>6.</span> <span class='ocrx_word' id='word_1_170' title='bbox 697 2280 918 2344; x_wconf 85' lang='lat' dir='ltr'>Etiam</span> <span class='ocrx_word' id='word_1_171' title='bbox 965 2276 1392 2359; x_wconf 86' lang='lat' dir='ltr'>singularium</span> <span class='ocrx_word' id='word_1_172' title='bbox 1440 2278 1866 2343; x_wconf 90' lang='lat' dir='ltr'>materiarum</span> <span class='ocrx_word' id='word_1_173' title='bbox 1893 2328 1907 2355; x_wconf 87' lang='lat'><strong><em>‚</em></strong></span> <span class='ocrx_word' id='word_1_174' title='bbox 1968 2279 2035 2341; x_wconf 91' lang='lat' dir='ltr'>in</span> <span class='ocrx_word' id='word_1_175' title='bbox 2081 2280 2364 2344; x_wconf 90' lang='lat' dir='ltr'>Decreto</span> <span class='ocrx_word' id='word_1_176' title='bbox 2426 2277 3067 2361; x_wconf 90' lang='lat' dir='ltr'>comprehensarum,</span> 
     </span>
     <span class='ocr_line' id='line_1_21' title="bbox 408 2374 3070 2461; baseline -0.002 -17"><span class='ocrx_word' id='word_1_177' title='bbox 408 2383 476 2444; x_wconf 91' lang='lat' dir='ltr'>et</span> <span class='ocrx_word' id='word_1_178' title='bbox 523 2399 747 2443; x_wconf 89' lang='lat' dir='ltr'>earum</span> <span class='ocrx_word' id='word_1_179' title='bbox 794 2375 1205 2461; x_wconf 86' lang='lat' dir='ltr'>praesertim,</span> <span class='ocrx_word' id='word_1_180' title='bbox 1255 2396 1422 2457; x_wconf 91' lang='lat' dir='ltr'>quae</span> <span class='ocrx_word' id='word_1_181' title='bbox 1470 2374 1553 2440; x_wconf 90' lang='lat' dir='ltr'>ad</span> <span class='ocrx_word' id='word_1_182' title='bbox 1602 2375 2115 2441; x_wconf 90' lang='lat' dir='ltr'>ecclesiasticam</span> <span class='ocrx_word' id='word_1_183' title='bbox 2160 2376 2398 2460; x_wconf 84' lang='lat' dir='ltr'>praxin</span> <span class='ocrx_word' id='word_1_184' title='bbox 2443 2375 2862 2459; x_wconf 89' lang='lat' dir='ltr'>pertinebant</span> <span class='ocrx_word' id='word_1_185' title='bbox 2886 2424 2900 2448; x_wconf 88' lang='lat'>‚</span> <span class='ocrx_word' id='word_1_186' title='bbox 2950 2395 3070 2439; x_wconf 92' lang='lat' dir='ltr'>no-</span> 
     </span>
     <span class='ocr_line' id='line_1_22' title="bbox 408 2471 3070 2558; baseline -0.002 -17"><span class='ocrx_word' id='word_1_187' title='bbox 408 2476 705 2541; x_wconf 90' lang='lat' dir='ltr'>minatim</span> <span class='ocrx_word' id='word_1_188' title='bbox 752 2477 1147 2539; x_wconf 76' lang='lat' dir='ltr'>matrimonii</span> <span class='ocrx_word' id='word_1_189' title='bbox 1195 2476 1264 2538; x_wconf 89' lang='lat' dir='ltr'>et</span> <span class='ocrx_word' id='word_1_190' title='bbox 1303 2496 1636 2558; x_wconf 76' lang='lat' dir='ltr'>processus</span> <span class='ocrx_word' id='word_1_191' title='bbox 1670 2475 2022 2557; x_wconf 80' lang='lat' dir='ltr'>judiciarii</span> <span class='ocrx_word' id='word_1_192' title='bbox 2073 2477 2485 2557; x_wconf 81' lang='lat' dir='ltr'>ecelesiastici,</span> <span class='ocrx_word' id='word_1_193' title='bbox 2536 2473 2763 2539; x_wconf 89' lang='lat' dir='ltr'>habita</span> <span class='ocrx_word' id='word_1_194' title='bbox 2809 2471 3070 2537; x_wconf 87' lang='lat' dir='ltr'>ratione</span> 
     </span>
     <span class='ocr_line' id='line_1_23' title="bbox 407 2569 3070 2656; baseline -0.002 -17"><span class='ocrx_word' id='word_1_195' title='bbox 407 2578 547 2639; x_wconf 90' lang='lat' dir='ltr'>tum</span> <span class='ocrx_word' id='word_1_196' title='bbox 588 2572 753 2656; x_wconf 87' lang='lat' dir='ltr'>juris</span> <span class='ocrx_word' id='word_1_197' title='bbox 800 2572 1072 2648; x_wconf 85' lang='lat' dir='ltr'>romani,</span> <span class='ocrx_word' id='word_1_198' title='bbox 1121 2575 1263 2635; x_wconf 90' lang='lat' dir='ltr'>tum</span> <span class='ocrx_word' id='word_1_199' title='bbox 1311 2570 1530 2647; x_wconf 89' lang='lat' dir='ltr'>etiam,</span> <span class='ocrx_word' id='word_1_200' title='bbox 1581 2570 1636 2634; x_wconf 92' lang='lat' dir='ltr'>si</span> <span class='ocrx_word' id='word_1_201' title='bbox 1670 2591 1837 2652; x_wconf 91' lang='lat' dir='ltr'>quae</span> <span class='ocrx_word' id='word_1_202' title='bbox 1874 2572 2013 2654; x_wconf 79' lang='lat' dir='ltr'>J’am</span> <span class='ocrx_word' id='word_1_203' title='bbox 2045 2572 2417 2649; x_wconf 85' lang='lat' dir='ltr'>exstabant,</span> <span class='ocrx_word' id='word_1_204' title='bbox 2468 2570 2922 2636; x_wconf 84' lang='lat' dir='ltr'>collectionum</span> <span class='ocrx_word' id='word_1_205' title='bbox 2957 2569 3070 2634; x_wconf 92' lang='lat' dir='ltr'>de-</span> 
     </span>
     <span class='ocr_line' id='line_1_24' title="bbox 411 2667 3070 2754; baseline -0.002 -17"><span class='ocrx_word' id='word_1_206' title='bbox 411 2671 753 2738; x_wconf 88' lang='lat' dir='ltr'>cretalium</span> <span class='ocrx_word' id='word_1_207' title='bbox 772 2721 785 2748; x_wconf 91' lang='lat'>‚</span> <span class='ocrx_word' id='word_1_208' title='bbox 836 2670 1185 2754; x_wconf 90' lang='lat' dir='ltr'>ampliores</span> <span class='ocrx_word' id='word_1_209' title='bbox 1233 2672 1300 2734; x_wconf 90' lang='lat' dir='ltr'>et</span> <span class='ocrx_word' id='word_1_210' title='bbox 1348 2670 1430 2734; x_wconf 90' lang='lat' dir='ltr'>ad</span> <span class='ocrx_word' id='word_1_211' title='bbox 1478 2669 1739 2750; x_wconf 87' lang='lat' dir='ltr'>singula</span> <span class='ocrx_word' id='word_1_212' title='bbox 1785 2670 1881 2734; x_wconf 94' lang='lat' dir='ltr'>rei</span> <span class='ocrx_word' id='word_1_213' title='bbox 1927 2674 2260 2735; x_wconf 90' lang='lat' dir='ltr'>momenta</span> <span class='ocrx_word' id='word_1_214' title='bbox 2306 2670 2757 2754; x_wconf 85' lang='lat' dir='ltr'>pertingentes</span> <span class='ocrx_word' id='word_1_215' title='bbox 2805 2667 3070 2751; x_wconf 85' lang='lat' dir='ltr'>exposi-</span> 
     </span>
     <span class='ocr_line' id='line_1_25' title="bbox 408 2767 3072 2851; baseline -0.003 -14"><span class='ocrx_word' id='word_1_216' title='bbox 408 2773 621 2837; x_wconf 87' lang='lat' dir='ltr'>tiones</span> <span class='ocrx_word' id='word_1_217' title='bbox 655 2772 972 2835; x_wconf 87' lang='lat' dir='ltr'>exaratae</span> <span class='ocrx_word' id='word_1_218' title='bbox 1005 2771 1178 2851; x_wconf 78' lang='lat' dir='ltr'>sunt,</span> <span class='ocrx_word' id='word_1_219' title='bbox 1230 2788 1397 2849; x_wconf 90' lang='lat' dir='ltr'>quae</span> <span class='ocrx_word' id='word_1_220' title='bbox 1426 2789 1547 2850; x_wconf 93' lang='lat' dir='ltr'>pro</span> <span class='ocrx_word' id='word_1_221' title='bbox 1582 2767 1968 2833; x_wconf 91' lang='lat' dir='ltr'>diversitate</span> <span class='ocrx_word' id='word_1_222' title='bbox 2007 2769 2323 2833; x_wconf 90' lang='lat' dir='ltr'>materiae</span> <span class='ocrx_word' id='word_1_223' title='bbox 2357 2768 2741 2833; x_wconf 89' lang='lat' dir='ltr'>dicebantur</span> <span class='ocrx_word' id='word_1_224' title='bbox 2786 2789 3072 2831; x_wconf 87' lang='lat' dir='ltr'>summae</span> 
     </span>
     <span class='ocr_line' id='line_1_26' title="bbox 408 2864 3072 2951; baseline -0.002 -17"><span class='ocrx_word' id='word_1_225' title='bbox 408 2871 834 2951; x_wconf 86' lang='lat' dir='ltr'>matrimonii,</span> <span class='ocrx_word' id='word_1_226' title='bbox 897 2869 1153 2931; x_wconf 82' lang='lat' dir='ltr'>ordines</span> <span class='ocrx_word' id='word_1_227' title='bbox 1186 2868 1536 2950; x_wconf 77' lang='lat' dir='ltr'>judiciarii</span> <span class='ocrx_word' id='word_1_228' title='bbox 1581 2866 1689 2930; x_wconf 90' lang='lat' dir='ltr'>vel</span> <span class='ocrx_word' id='word_1_229' title='bbox 1751 2869 2003 2950; x_wconf 75' lang='lat' dir='ltr'>specula</span> <span class='ocrx_word' id='word_1_230' title='bbox 2036 2868 2391 2950; x_wconf 79' lang='lat' dir='ltr'>judicialia</span> <span class='ocrx_word' id='word_1_231' title='bbox 2451 2869 2519 2931; x_wconf 91' lang='lat' dir='ltr'>et</span> <span class='ocrx_word' id='word_1_232' title='bbox 2565 2864 2882 2930; x_wconf 87' lang='lat' dir='ltr'>similiter.</span> <span class='ocrx_word' id='word_1_233' title='bbox 2980 2864 3072 2928; x_wconf 86' lang='lat' dir='ltr'>Et</span> 
     </span>
     <span class='ocr_line' id='line_1_27' title="bbox 409 2960 3072 3050; baseline -0.003 -18"><span class='ocrx_word' id='word_1_234' title='bbox 409 2968 668 3050; x_wconf 89' lang='lat' dir='ltr'>quidem</span> <span class='ocrx_word' id='word_1_235' title='bbox 701 2969 1029 3033; x_wconf 82' lang='lat' dir='ltr'>Summam</span> <span class='ocrx_word' id='word_1_236' title='bbox 1060 2966 1452 3028; x_wconf 88' lang='lat' dir='ltr'>matrimonii</span> <span class='ocrx_word' id='word_1_237' title='bbox 1483 2967 1634 3047; x_wconf 92' lang='lat' dir='ltr'>post</span> <span class='ocrx_word' id='word_1_238' title='bbox 1664 2964 1885 3046; x_wconf 90' lang='lat' dir='ltr'>plures</span> <span class='ocrx_word' id='word_1_239' title='bbox 1917 2963 2100 3041; x_wconf 83' lang='lat' dir='ltr'>alios,</span> <span class='ocrx_word' id='word_1_240' title='bbox 2151 2963 2410 3029; x_wconf 91' lang='lat' dir='ltr'>nomine</span> <span class='ocrx_word' id='word_1_241' title='bbox 2440 2965 2721 3045; x_wconf 76' lang='lat' dir='ltr'>ignotOS,</span> <span class='ocrx_word' id='word_1_242' title='bbox 2761 2960 3072 3027; x_wconf 85' lang='lat' dir='ltr'>exaravit</span> 
     </span>
     <span class='ocr_line' id='line_1_28' title="bbox 412 3058 3071 3147; baseline -0.002 -18"><span class='ocrx_word' id='word_1_243' title='bbox 412 3067 791 3131; x_wconf 90' lang='lat' dir='ltr'>Bernardus</span> <span class='ocrx_word' id='word_1_244' title='bbox 836 3065 1196 3147; x_wconf 77' lang='lat' dir='ltr'>Papiensis,</span> <span class='ocrx_word' id='word_1_245' title='bbox 1247 3083 1446 3145; x_wconf 91' lang='lat' dir='ltr'>supra</span> <span class='ocrx_word' id='word_1_246' title='bbox 1494 3062 1581 3144; x_wconf 91' lang='lat' dir='ltr'>(p.</span> <span class='ocrx_word' id='word_1_247' title='bbox 1635 3062 1771 3144; x_wconf 91' lang='grc'>20.)</span> <span class='ocrx_word' id='word_1_248' title='bbox 1819 3065 2221 3128; x_wconf 89' lang='lat' dir='ltr'>memoratus</span> <span class='ocrx_word' id='word_1_249' title='bbox 2249 3059 2293 3140; x_wconf 84' lang='lat'>⁹,</span> <span class='ocrx_word' id='word_1_250' title='bbox 2344 3066 2411 3127; x_wconf 88' lang='lat' dir='ltr'>et</span> <span class='ocrx_word' id='word_1_251' title='bbox 2467 3063 2857 3144; x_wconf 81' lang='lat' dir='ltr'>Taneredus,</span> <span class='ocrx_word' id='word_1_252' title='bbox 2898 3058 3071 3143; x_wconf 84' lang='lat' dir='ltr'>juris</span> 
     </span>
     <span class='ocr_line' id='line_1_29' title="bbox 408 3156 3069 3243; baseline -0.003 -15"><span class='ocrx_word' id='word_1_253' title='bbox 408 3163 700 3228; x_wconf 90' lang='lat' dir='ltr'>canonici</span> <span class='ocrx_word' id='word_1_254' title='bbox 760 3162 827 3226; x_wconf 94' lang='lat' dir='ltr'>in</span> <span class='ocrx_word' id='word_1_255' title='bbox 871 3160 1265 3225; x_wconf 92' lang='lat' dir='ltr'>Bononiensi</span> <span class='ocrx_word' id='word_1_256' title='bbox 1311 3159 1767 3225; x_wconf 90' lang='lat' dir='ltr'>Universitate</span> <span class='ocrx_word' id='word_1_257' title='bbox 1822 3159 2159 3243; x_wconf 85' lang='lat' dir='ltr'>professor</span> <span class='ocrx_word' id='word_1_258' title='bbox 2213 3164 2281 3225; x_wconf 88' lang='lat' dir='ltr'>et</span> <span class='ocrx_word' id='word_1_259' title='bbox 2336 3157 2730 3226; x_wconf 90' lang='lat' dir='ltr'>cathedralis</span> <span class='ocrx_word' id='word_1_260' title='bbox 2784 3156 3069 3241; x_wconf 83' lang='lat' dir='ltr'>Capituli</span> 
     </span>
    </p>
   </div>
   <div class='ocr_carea' id='block_1_5' title="bbox 410 3254 2514 3354">
    <p class='ocr_par' dir='ltr' id='par_1_6' title="bbox 410 3254 2514 3354">
     <span class='ocr_line' id='line_1_30' title="bbox 410 3254 2514 3354; baseline -0.001 -28"><span class='ocrx_word' id='word_1_261' title='bbox 410 3260 836 3327; x_wconf 90' lang='lat' dir='ltr'>Bononiensis</span> <span class='ocrx_word' id='word_1_262' title='bbox 883 3258 1377 3324; x_wconf 88' lang='lat' dir='ltr'>archidiaconus</span> <span class='ocrx_word' id='word_1_263' title='bbox 1424 3256 1494 3339; x_wconf 84' lang='lat'>(†</span> <span class='ocrx_word' id='word_1_264' title='bbox 1540 3258 1739 3354; x_wconf 21' lang='lat' dir='ltr'>intra·</span> <span class='ocrx_word' id='word_1_265' title='bbox 1766 3279 1823 3324; x_wconf 91' lang='lat' dir='ltr'>a.</span> <span class='ocrx_word' id='word_1_266' title='bbox 1881 3260 2051 3322; x_wconf 89' lang='grc'>1234</span> <span class='ocrx_word' id='word_1_267' title='bbox 2100 3261 2168 3323; x_wconf 90' lang='lat' dir='ltr'>et</span> <span class='ocrx_word' id='word_1_268' title='bbox 2221 3258 2418 3338; x_wconf 86' lang='grc'>1236)</span> <span class='ocrx_word' id='word_1_269' title='bbox 2446 3254 2514 3323; x_wconf 83' lang='lat'>¹⁰.</span> 
     </span>
    </p>
   </div>
   <div class='ocr_carea' id='block_1_6' title="bbox 406 3496 3070 3814">
    <p class='ocr_par' dir='ltr' id='par_1_7' title="bbox 406 3496 3070 3814">
     <span class='ocr_line' id='line_1_31' title="bbox 406 3496 3070 3573; baseline -0.003 -14"><span class='ocrx_word' id='word_1_270' title='bbox 406 3509 545 3573; x_wconf 87' lang='lat' dir='ltr'>gart.</span> <span class='ocrx_word' id='word_1_271' title='bbox 623 3505 732 3558; x_wconf 89' lang='lat' dir='ltr'>Cfr.</span> <span class='ocrx_word' id='word_1_272' title='bbox 775 3506 1004 3572; x_wconf 82' lang='lat' dir='ltr'>Schulte,</span> <span class='ocrx_word' id='word_1_273' title='bbox 1044 3502 1146 3554; x_wconf 90' lang='lat' dir='ltr'>Zur</span> <span class='ocrx_word' id='word_1_274' title='bbox 1186 3500 1515 3555; x_wconf 83' lang='lat' dir='ltr'>Geschichte</span> <span class='ocrx_word' id='word_1_275' title='bbox 1556 3501 1650 3553; x_wconf 90' lang='lat' dir='ltr'>der</span> <span class='ocrx_word' id='word_1_276' title='bbox 1688 3499 1965 3554; x_wconf 89' lang='lat' dir='ltr'>Literatur</span> <span class='ocrx_word' id='word_1_277' title='bbox 2001 3500 2134 3554; x_wconf 82' lang='lat' dir='ltr'>iiber</span> <span class='ocrx_word' id='word_1_278' title='bbox 2174 3501 2270 3554; x_wconf 89' lang='lat' dir='ltr'>das</span> <span class='ocrx_word' id='word_1_279' title='bbox 2306 3500 2506 3553; x_wconf 87' lang='lat' dir='ltr'>Decret</span> <span class='ocrx_word' id='word_1_280' title='bbox 2544 3497 2818 3552; x_wconf 74' lang='lat' dir='ltr'>Gratiana.</span> <span class='ocrx_word' id='word_1_281' title='bbox 2876 3496 3070 3551; x_wconf 87' lang='lat' dir='ltr'>Erster</span> 
     </span>
     <span class='ocr_line' id='line_1_32' title="bbox 408 3577 3070 3652; baseline -0.002 -15"><span class='ocrx_word' id='word_1_282' title='bbox 408 3585 647 3652; x_wconf 88' lang='lat' dir='ltr'>Beitrag,</span> <span class='ocrx_word' id='word_1_283' title='bbox 685 3586 740 3638; x_wconf 90' lang='lat' dir='ltr'>in</span> <span class='ocrx_word' id='word_1_284' title='bbox 780 3584 896 3637; x_wconf 90' lang='lat' dir='ltr'>citt.</span> <span class='ocrx_word' id='word_1_285' title='bbox 935 3582 1117 3637; x_wconf 85' lang='lat' dir='ltr'>relatt.</span> <span class='ocrx_word' id='word_1_286' title='bbox 1157 3599 1292 3635; x_wconf 89' lang='lat' dir='ltr'>sess.</span> <span class='ocrx_word' id='word_1_287' title='bbox 1331 3584 1461 3634; x_wconf 87' lang='lat' dir='ltr'>tom.</span> <span class='ocrx_word' id='word_1_288' title='bbox 1500 3580 1693 3633; x_wconf 92' lang='lat' dir='ltr'>LXIII.</span> <span class='ocrx_word' id='word_1_289' title='bbox 1733 3598 1783 3650; x_wconf 93' lang='lat' dir='ltr'>p.</span> <span class='ocrx_word' id='word_1_290' title='bbox 1825 3580 1980 3645; x_wconf 87' lang='lat'>303.;</span> <span class='ocrx_word' id='word_1_291' title='bbox 2021 3583 2184 3650; x_wconf 82' lang='lat' dir='ltr'>Idem,</span> <span class='ocrx_word' id='word_1_292' title='bbox 2223 3581 2326 3634; x_wconf 92' lang='lat' dir='ltr'>Zur</span> <span class='ocrx_word' id='word_1_293' title='bbox 2364 3578 2691 3634; x_wconf 88' lang='lat' dir='ltr'>Geschichte</span> <span class='ocrx_word' id='word_1_294' title='bbox 2729 3578 2825 3631; x_wconf 88' lang='lat' dir='ltr'>der</span> <span class='ocrx_word' id='word_1_295' title='bbox 2860 3577 3070 3631; x_wconf 86' lang='lat' dir='ltr'>Litera-</span> 
     </span>
     <span class='ocr_line' id='line_1_33' title="bbox 408 3657 3070 3727; baseline -0.003 -8"><span class='ocrx_word' id='word_1_296' title='bbox 408 3669 500 3718; x_wconf 90' lang='lat' dir='ltr'>tur</span> <span class='ocrx_word' id='word_1_297' title='bbox 555 3665 687 3718; x_wconf 76' lang='lat' dir='ltr'>iiber</span> <span class='ocrx_word' id='word_1_298' title='bbox 745 3666 842 3718; x_wconf 87' lang='lat' dir='ltr'>das</span> <span class='ocrx_word' id='word_1_299' title='bbox 879 3664 1080 3718; x_wconf 85' lang='lat' dir='ltr'>Decret</span> <span class='ocrx_word' id='word_1_300' title='bbox 1118 3661 1393 3715; x_wconf 61' lang='lat' dir='ltr'>Gratiana</span> <span class='ocrx_word' id='word_1_301' title='bbox 1468 3660 1677 3714; x_wconf 90' lang='lat' dir='ltr'>Dritter</span> <span class='ocrx_word' id='word_1_302' title='bbox 1728 3659 1954 3727; x_wconf 87' lang='lat' dir='ltr'>Beitrag</span> <span class='ocrx_word' id='word_1_303' title='bbox 1971 3703 1983 3724; x_wconf 91' lang='lat'>,</span> <span class='ocrx_word' id='word_1_304' title='bbox 2038 3660 2096 3713; x_wconf 90' lang='lat' dir='ltr'>in</span> <span class='ocrx_word' id='word_1_305' title='bbox 2147 3661 2261 3714; x_wconf 90' lang='lat' dir='ltr'>citt.</span> <span class='ocrx_word' id='word_1_306' title='bbox 2314 3660 2494 3714; x_wconf 87' lang='lat' dir='ltr'>relatt.</span> <span class='ocrx_word' id='word_1_307' title='bbox 2548 3676 2682 3712; x_wconf 70' lang='lat' dir='ltr'>sess</span> <span class='ocrx_word' id='word_1_308' title='bbox 2735 3661 2864 3711; x_wconf 89' lang='lat' dir='ltr'>tom.</span> <span class='ocrx_word' id='word_1_309' title='bbox 2902 3657 3070 3712; x_wconf 87' lang='lat' dir='ltr'>LXV.</span> 
     </span>
     <span class='ocr_line' id='line_1_34' title="bbox 415 3740 2407 3814; baseline -0.003 -15"><span class='ocrx_word' id='word_1_310' title='bbox 415 3764 465 3814; x_wconf 91' lang='grc' dir='ltr'>Ρ.</span> <span class='ocrx_word' id='word_1_311' title='bbox 507 3746 591 3799; x_wconf 76' lang='lat'>37.</span> <span class='ocrx_word' id='word_1_312' title='bbox 632 3763 782 3813; x_wconf 91' lang='lat' dir='ltr'>sqq.;</span> <span class='ocrx_word' id='word_1_313' title='bbox 823 3747 985 3813; x_wconf 83' lang='lat' dir='ltr'>Idem,</span> <span class='ocrx_word' id='word_1_314' title='bbox 1024 3743 1125 3797; x_wconf 90' lang='lat' dir='ltr'>Die</span> <span class='ocrx_word' id='word_1_315' title='bbox 1166 3741 1495 3796; x_wconf 79' lang='lat' dir='ltr'>Geschichte</span> <span class='ocrx_word' id='word_1_316' title='bbox 1534 3742 1628 3794; x_wconf 90' lang='lat' dir='ltr'>der</span> <span class='ocrx_word' id='word_1_317' title='bbox 1666 3740 1909 3806; x_wconf 85' lang='lat' dir='ltr'>Quellen,</span> <span class='ocrx_word' id='word_1_318' title='bbox 1949 3744 2076 3794; x_wconf 85' lang='lat' dir='ltr'>tom.</span> <span class='ocrx_word' id='word_1_319' title='bbox 2118 3742 2156 3794; x_wconf 96' lang='lat' dir='ltr'>I.</span> <span class='ocrx_word' id='word_1_320' title='bbox 2196 3759 2246 3810; x_wconf 88' lang='lat' dir='ltr'>p.</span> <span class='ocrx_word' id='word_1_321' title='bbox 2287 3741 2407 3793; x_wconf 84' lang='grc'>234.</span> 
     </span>
    </p>
   </div>
   <div class='ocr_carea' id='block_1_7' title="bbox 409 3829 3072 4458">
    <p class='ocr_par' dir='ltr' id='par_1_8' title="bbox 591 3829 2557 3902">
     <span class='ocr_line' id='line_1_35' title="bbox 591 3829 2557 3902; baseline -0.002 -16"><span class='ocrx_word' id='word_1_322' title='bbox 591 3838 605 3867; x_wconf 84' lang='lat'><strong>¹</strong></span> <span class='ocrx_word' id='word_1_323' title='bbox 650 3836 877 3902; x_wconf 81' lang='lat' dir='ltr'>Schulte‚</span> <span class='ocrx_word' id='word_1_324' title='bbox 916 3832 1018 3887; x_wconf 90' lang='lat' dir='ltr'>Die</span> <span class='ocrx_word' id='word_1_325' title='bbox 1058 3831 1388 3887; x_wconf 87' lang='lat' dir='ltr'>Geschichte</span> <span class='ocrx_word' id='word_1_326' title='bbox 1427 3831 1521 3883; x_wconf 88' lang='lat' dir='ltr'>der</span> <span class='ocrx_word' id='word_1_327' title='bbox 1559 3829 1803 3894; x_wconf 80' lang='lat' dir='ltr'>Quellen‚</span> <span class='ocrx_word' id='word_1_328' title='bbox 1842 3833 1971 3883; x_wconf 91' lang='lat' dir='ltr'>tom.</span> <span class='ocrx_word' id='word_1_329' title='bbox 2010 3831 2052 3883; x_wconf 90' lang='lat' dir='ltr'>I.</span> <span class='ocrx_word' id='word_1_330' title='bbox 2091 3848 2143 3900; x_wconf 90' lang='lat' dir='ltr'>p.</span> <span class='ocrx_word' id='word_1_331' title='bbox 2187 3831 2303 3883; x_wconf 91' lang='lat'>194.</span> <span class='ocrx_word' id='word_1_332' title='bbox 2343 3832 2399 3882; x_wconf 90' lang='lat' dir='ltr'>et</span> <span class='ocrx_word' id='word_1_333' title='bbox 2440 3829 2557 3883; x_wconf 87' lang='lat'>196.</span> 
     </span>
    </p>

    <p class='ocr_par' dir='ltr' id='par_1_9' title="bbox 588 3910 2128 3980">
     <span class='ocr_line' id='line_1_36' title="bbox 588 3910 2128 3980; baseline -0.003 -14"><span class='ocrx_word' id='word_1_334' title='bbox 588 3915 607 3945; x_wconf 83' lang='lat'><strong>²</strong></span> <span class='ocrx_word' id='word_1_335' title='bbox 649 3916 862 3966; x_wconf 83' lang='lat' dir='ltr'>Schulte</span> <span class='ocrx_word' id='word_1_336' title='bbox 898 3913 932 3965; x_wconf 95' lang='grc'>1.</span> <span class='ocrx_word' id='word_1_337' title='bbox 973 3930 1018 3966; x_wconf 91' lang='lat' dir='ltr'>c.</span> <span class='ocrx_word' id='word_1_338' title='bbox 1057 3916 1185 3966; x_wconf 91' lang='lat' dir='ltr'>tom.</span> <span class='ocrx_word' id='word_1_339' title='bbox 1225 3912 1264 3964; x_wconf 94' lang='lat' dir='ltr'>I.</span> <span class='ocrx_word' id='word_1_340' title='bbox 1305 3929 1355 3980; x_wconf 87' lang='lat' dir='ltr'>p.</span> <span class='ocrx_word' id='word_1_341' title='bbox 1399 3912 1516 3964; x_wconf 89' lang='lat'>196.</span> <span class='ocrx_word' id='word_1_342' title='bbox 1555 3913 1684 3963; x_wconf 91' lang='lat' dir='ltr'>tom.</span> <span class='ocrx_word' id='word_1_343' title='bbox 1724 3910 1791 3963; x_wconf 92' lang='lat' dir='ltr'>II.</span> <span class='ocrx_word' id='word_1_344' title='bbox 1831 3928 1882 3979; x_wconf 89' lang='lat' dir='ltr'>p.</span> <span class='ocrx_word' id='word_1_345' title='bbox 1922 3910 2007 3964; x_wconf 83' lang='lat'>83.</span> <span class='ocrx_word' id='word_1_346' title='bbox 2047 3927 2128 3979; x_wconf 89' lang='lat' dir='ltr'>sq.</span> 
     </span>
    </p>

    <p class='ocr_par' dir='ltr' id='par_1_10' title="bbox 409 3987 3072 4225">
     <span class='ocr_line' id='line_1_37' title="bbox 591 3987 3072 4061; baseline -0.003 -14"><span class='ocrx_word' id='word_1_347' title='bbox 591 3996 611 4030; x_wconf 79' lang='lat'><strong>⁸</strong></span> <span class='ocrx_word' id='word_1_348' title='bbox 650 3994 843 4047; x_wconf 90' lang='lat' dir='ltr'>Plures</span> <span class='ocrx_word' id='word_1_349' title='bbox 895 3992 1107 4046; x_wconf 90' lang='lat' dir='ltr'>codices</span> <span class='ocrx_word' id='word_1_350' title='bbox 1158 4008 1288 4045; x_wconf 92' lang='lat' dir='ltr'>mss.</span> <span class='ocrx_word' id='word_1_351' title='bbox 1347 3989 1510 4061; x_wconf 89' lang='lat' dir='ltr'>hujus</span> <span class='ocrx_word' id='word_1_352' title='bbox 1565 3989 1743 4059; x_wconf 90' lang='lat' dir='ltr'>operis</span> <span class='ocrx_word' id='word_1_353' title='bbox 1799 3990 1970 4043; x_wconf 85' lang='lat' dir='ltr'>refert</span> <span class='ocrx_word' id='word_1_354' title='bbox 2019 3991 2233 4043; x_wconf 84' lang='lat' dir='ltr'>Schulte</span> <span class='ocrx_word' id='word_1_355' title='bbox 2251 4031 2265 4058; x_wconf 90' lang='lat'><em>‚</em></span> <span class='ocrx_word' id='word_1_356' title='bbox 2327 3987 2921 4056; x_wconf 89' lang='lat' dir='ltr'>Literaturgeschichte</span> <span class='ocrx_word' id='word_1_357' title='bbox 2974 3987 3072 4040; x_wconf 87' lang='lat' dir='ltr'>der</span> 
     </span>
     <span class='ocr_line' id='line_1_38' title="bbox 409 4067 3070 4144; baseline -0.003 -16"><span class='ocrx_word' id='word_1_358' title='bbox 409 4074 830 4144; x_wconf 84' lang='lat' dir='ltr'>Compilationes</span> <span class='ocrx_word' id='word_1_359' title='bbox 866 4073 1141 4141; x_wconf 87' lang='lat' dir='ltr'>antiquae,</span> <span class='ocrx_word' id='word_1_360' title='bbox 1179 4072 1473 4126; x_wconf 89' lang='lat' dir='ltr'>besonders</span> <span class='ocrx_word' id='word_1_361' title='bbox 1513 4071 1607 4123; x_wconf 90' lang='lat' dir='ltr'>der</span> <span class='ocrx_word' id='word_1_362' title='bbox 1640 4070 1760 4124; x_wconf 84' lang='lat' dir='ltr'>drei</span> <span class='ocrx_word' id='word_1_363' title='bbox 1798 4073 2009 4134; x_wconf 88' lang='lat' dir='ltr'>ersten,</span> <span class='ocrx_word' id='word_1_364' title='bbox 2061 4070 2118 4123; x_wconf 90' lang='lat' dir='ltr'>in</span> <span class='ocrx_word' id='word_1_365' title='bbox 2156 4070 2273 4124; x_wconf 89' lang='lat' dir='ltr'>citt.</span> <span class='ocrx_word' id='word_1_366' title='bbox 2313 4070 2492 4123; x_wconf 90' lang='lat' dir='ltr'>relatt.</span> <span class='ocrx_word' id='word_1_367' title='bbox 2532 4086 2667 4122; x_wconf 92' lang='lat' dir='ltr'>sess.</span> <span class='ocrx_word' id='word_1_368' title='bbox 2706 4071 2838 4122; x_wconf 92' lang='lat' dir='ltr'>tom.</span> <span class='ocrx_word' id='word_1_369' title='bbox 2875 4067 3070 4120; x_wconf 89' lang='lat' dir='ltr'>LXVI.</span> 
     </span>
     <span class='ocr_line' id='line_1_39' title="bbox 409 4156 742 4225; baseline -0.006 -17"><span class='ocrx_word' id='word_1_370' title='bbox 409 4174 458 4225; x_wconf 91' lang='lat' dir='ltr'>p.</span> <span class='ocrx_word' id='word_1_371' title='bbox 502 4156 620 4208; x_wconf 82' lang='lat'>153.</span> <span class='ocrx_word' id='word_1_372' title='bbox 661 4173 742 4223; x_wconf 92' lang='lat' dir='ltr'>sq.</span> 
     </span>
    </p>

    <p class='ocr_par' dir='ltr' id='par_1_11' title="bbox 588 4230 2423 4303">
     <span class='ocr_line' id='line_1_40' title="bbox 588 4230 2423 4303; baseline -0.002 -16"><span class='ocrx_word' id='word_1_373' title='bbox 588 4238 610 4270; x_wconf 68' lang='lat'><strong>4</strong></span> <span class='ocrx_word' id='word_1_374' title='bbox 651 4237 880 4303; x_wconf 82' lang='lat' dir='ltr'>Schulte,</span> <span class='ocrx_word' id='word_1_375' title='bbox 918 4233 1019 4286; x_wconf 88' lang='lat' dir='ltr'>Die</span> <span class='ocrx_word' id='word_1_376' title='bbox 1058 4231 1388 4287; x_wconf 84' lang='lat' dir='ltr'>Geschichte</span> <span class='ocrx_word' id='word_1_377' title='bbox 1427 4232 1522 4284; x_wconf 89' lang='lat' dir='ltr'>der</span> <span class='ocrx_word' id='word_1_378' title='bbox 1559 4230 1803 4295; x_wconf 83' lang='lat' dir='ltr'>Quellen,</span> <span class='ocrx_word' id='word_1_379' title='bbox 1841 4234 1970 4284; x_wconf 93' lang='lat' dir='ltr'>tom.</span> <span class='ocrx_word' id='word_1_380' title='bbox 2011 4231 2050 4283; x_wconf 94' lang='lat' dir='ltr'>I.</span> <span class='ocrx_word' id='word_1_381' title='bbox 2091 4248 2141 4300; x_wconf 93' lang='lat' dir='ltr'>p.</span> <span class='ocrx_word' id='word_1_382' title='bbox 2186 4230 2302 4284; x_wconf 89' lang='lat'>170.</span> <span class='ocrx_word' id='word_1_383' title='bbox 2342 4247 2423 4298; x_wconf 89' lang='lat' dir='ltr'>sq.</span> 
     </span>
    </p>

    <p class='ocr_par' dir='ltr' id='par_1_12' title="bbox 591 4313 1511 4382">
     <span class='ocr_line' id='line_1_41' title="bbox 591 4313 1511 4382; baseline -0.003 -15"><span class='ocrx_word' id='word_1_384' title='bbox 591 4318 610 4351; x_wconf 75' lang='lat'>⁵</span> <span class='ocrx_word' id='word_1_385' title='bbox 651 4317 864 4368; x_wconf 80' lang='lat' dir='ltr'>Schulte</span> <span class='ocrx_word' id='word_1_386' title='bbox 900 4314 936 4367; x_wconf 95' lang='grc'>1.</span> <span class='ocrx_word' id='word_1_387' title='bbox 976 4331 1020 4367; x_wconf 88' lang='lat' dir='ltr'>c.</span> <span class='ocrx_word' id='word_1_388' title='bbox 1060 4316 1188 4366; x_wconf 84' lang='lat' dir='ltr'>tom.</span> <span class='ocrx_word' id='word_1_389' title='bbox 1228 4313 1296 4365; x_wconf 93' lang='grc' dir='ltr'>ΙΙ.</span> <span class='ocrx_word' id='word_1_390' title='bbox 1336 4332 1386 4382; x_wconf 93' lang='lat' dir='ltr'>p.</span> <span class='ocrx_word' id='word_1_391' title='bbox 1427 4313 1511 4366; x_wconf 85' lang='lat'>84.</span> 
     </span>
    </p>

    <p class='ocr_par' dir='ltr' id='par_1_13' title="bbox 587 4387 3071 4458">
     <span class='ocr_line' id='line_1_42' title="bbox 587 4387 3071 4458; baseline -0.004 -8"><span class='ocrx_word' id='word_1_392' title='bbox 587 4398 608 4432; x_wconf 78' lang='lat'><strong>⁶</strong></span> <span class='ocrx_word' id='word_1_393' title='bbox 644 4394 917 4450; x_wconf 84' lang='lat' dir='ltr'>Videlicet</span> <span class='ocrx_word' id='word_1_394' title='bbox 951 4393 1008 4446; x_wconf 89' lang='lat' dir='ltr'>in</span> <span class='ocrx_word' id='word_1_395' title='bbox 1045 4410 1144 4446; x_wconf 88' lang='lat' dir='ltr'>sua</span> <span class='ocrx_word' id='word_1_396' title='bbox 1184 4394 1405 4445; x_wconf 88' lang='lat' dir='ltr'>Summa</span> <span class='ocrx_word' id='word_1_397' title='bbox 1442 4391 1663 4445; x_wconf 89' lang='lat' dir='ltr'>Decreti</span> <span class='ocrx_word' id='word_1_398' title='bbox 1680 4432 1693 4455; x_wconf 88' lang='lat'><em>‚</em></span> <span class='ocrx_word' id='word_1_399' title='bbox 1741 4390 1835 4443; x_wconf 92' lang='lat' dir='ltr'>ubi</span> <span class='ocrx_word' id='word_1_400' title='bbox 1870 4391 2184 4458; x_wconf 87' lang='lat' dir='ltr'>frequenter</span> <span class='ocrx_word' id='word_1_401' title='bbox 2222 4390 2472 4458; x_wconf 85' lang='lat' dir='ltr'>exempla</span> <span class='ocrx_word' id='word_1_402' title='bbox 2509 4406 2539 4441; x_wconf 86' lang='lat' dir='ltr'>e</span> <span class='ocrx_word' id='word_1_403' title='bbox 2576 4388 2629 4442; x_wconf 88' lang='lat' dir='ltr'>S.</span> <span class='ocrx_word' id='word_1_404' title='bbox 2656 4387 2937 4458; x_wconf 86' lang='lat' dir='ltr'>Scriptura</span> <span class='ocrx_word' id='word_1_405' title='bbox 2976 4388 3071 4441; x_wconf 84' lang='lat' dir='ltr'>ad·</span> 
     </span>
    </p>
   </div>
   <div class='ocr_carea' id='block_1_8' title="bbox 409 4467 3072 4620">
    <p class='ocr_par' dir='ltr' id='par_1_14' title="bbox 409 4467 3072 4620">
     <span class='ocr_line' id='line_1_43' title="bbox 409 4467 3072 4540; baseline -0.004 -10"><span class='ocrx_word' id='word_1_406' title='bbox 409 4477 559 4529; x_wconf 86' lang='lat' dir='ltr'>ducit</span> <span class='ocrx_word' id='word_1_407' title='bbox 596 4476 696 4529; x_wconf 91' lang='lat' dir='ltr'>sub</span> <span class='ocrx_word' id='word_1_408' title='bbox 734 4473 975 4528; x_wconf 90' lang='lat' dir='ltr'>nomine:</span> <span class='ocrx_word' id='word_1_409' title='bbox 1030 4475 1294 4526; x_wconf 86' lang='lat' dir='ltr'>Historia.</span> <span class='ocrx_word' id='word_1_410' title='bbox 1373 4470 1482 4525; x_wconf 82' lang='lat' dir='ltr'>Cfr.</span> <span class='ocrx_word' id='word_1_411' title='bbox 1523 4473 1793 4539; x_wconf 82' lang='lat' dir='ltr'>Maassen,</span> <span class='ocrx_word' id='word_1_412' title='bbox 1831 4469 2190 4539; x_wconf 88' lang='lat' dir='ltr'>Paucapalea,</span> <span class='ocrx_word' id='word_1_413' title='bbox 2227 4468 2263 4524; x_wconf 93' lang='lat' dir='ltr'>l.</span> <span class='ocrx_word' id='word_1_414' title='bbox 2303 4487 2333 4523; x_wconf 97' lang='lat' dir='ltr'>c</span> <span class='ocrx_word' id='word_1_415' title='bbox 2370 4488 2421 4540; x_wconf 91' lang='lat' dir='ltr'>p.</span> <span class='ocrx_word' id='word_1_416' title='bbox 2459 4469 2581 4523; x_wconf 86' lang='lat'>491.</span> <span class='ocrx_word' id='word_1_417' title='bbox 2599 4489 2611 4532; x_wconf 91' lang='grc'>;</span> <span class='ocrx_word' id='word_1_418' title='bbox 2670 4470 2913 4537; x_wconf 80' lang='lat' dir='ltr'>Schulte,</span> <span class='ocrx_word' id='word_1_419' title='bbox 2967 4467 3072 4520; x_wconf 89' lang='lat' dir='ltr'>Die</span> 
     </span>
     <span class='ocr_line' id='line_1_44' title="bbox 410 4547 3070 4620; baseline -0.003 -11"><span class='ocrx_word' id='word_1_420' title='bbox 410 4556 603 4610; x_wconf 90' lang='lat' dir='ltr'>Glosse</span> <span class='ocrx_word' id='word_1_421' title='bbox 629 4574 750 4609; x_wconf 91' lang='lat' dir='ltr'>zum</span> <span class='ocrx_word' id='word_1_422' title='bbox 771 4555 969 4608; x_wconf 89' lang='lat' dir='ltr'>Decret</span> <span class='ocrx_word' id='word_1_423' title='bbox 990 4552 1265 4616; x_wconf 66' lang='lat' dir='ltr'>Gratiam,</span> <span class='ocrx_word' id='word_1_424' title='bbox 1292 4551 1326 4604; x_wconf 95' lang='lat' dir='ltr'>l.</span> <span class='ocrx_word' id='word_1_425' title='bbox 1356 4569 1400 4604; x_wconf 92' lang='lat' dir='ltr'>c.</span> <span class='ocrx_word' id='word_1_426' title='bbox 1429 4569 1480 4620; x_wconf 92' lang='lat' dir='ltr'>p.</span> <span class='ocrx_word' id='word_1_427' title='bbox 1502 4551 1586 4605; x_wconf 81' lang='lat'>84.</span> <span class='ocrx_word' id='word_1_428' title='bbox 1610 4571 1622 4613; x_wconf 90' lang='lat'>;</span> <span class='ocrx_word' id='word_1_429' title='bbox 1662 4552 1825 4619; x_wconf 70' lang='lat' dir='ltr'>Idm,</span> <span class='ocrx_word' id='word_1_430' title='bbox 1852 4549 1953 4603; x_wconf 89' lang='lat' dir='ltr'>Die</span> <span class='ocrx_word' id='word_1_431' title='bbox 1980 4548 2307 4604; x_wconf 87' lang='lat' dir='ltr'>Geschichte</span> <span class='ocrx_word' id='word_1_432' title='bbox 2335 4549 2429 4603; x_wconf 90' lang='lat' dir='ltr'>der</span> <span class='ocrx_word' id='word_1_433' title='bbox 2455 4548 2697 4613; x_wconf 83' lang='lat' dir='ltr'>Quellen‚</span> <span class='ocrx_word' id='word_1_434' title='bbox 2733 4551 2773 4602; x_wconf 89' lang='lat' dir='ltr'>t.</span> <span class='ocrx_word' id='word_1_435' title='bbox 2796 4547 2835 4600; x_wconf 95' lang='grc' dir='ltr'>Ι.</span> <span class='ocrx_word' id='word_1_436' title='bbox 2865 4565 2916 4617; x_wconf 93' lang='lat' dir='ltr'>p.</span> <span class='ocrx_word' id='word_1_437' title='bbox 2948 4547 3070 4600; x_wconf 87' lang='lat'>113.</span> 
     </span>
    </p>
   </div>
   <div class='ocr_carea' id='block_1_9' title="bbox 586 4639 2698 4870">
    <p class='ocr_par' dir='ltr' id='par_1_15' title="bbox 586 4639 2698 4870">
     <span class='ocr_line' id='line_1_45' title="bbox 588 4639 2291 4711; baseline -0.003 -15"><span class='ocrx_word' id='word_1_438' title='bbox 588 4646 606 4678; x_wconf 83' lang='lat'>&#39;¹</span> <span class='ocrx_word' id='word_1_439' title='bbox 647 4646 874 4711; x_wconf 68' lang='lat' dir='ltr'>Schiche,</span> <span class='ocrx_word' id='word_1_440' title='bbox 911 4641 1012 4695; x_wconf 88' lang='lat' dir='ltr'>Die</span> <span class='ocrx_word' id='word_1_441' title='bbox 1051 4639 1380 4695; x_wconf 85' lang='lat' dir='ltr'>Geschichte</span> <span class='ocrx_word' id='word_1_442' title='bbox 1418 4640 1513 4693; x_wconf 90' lang='lat' dir='ltr'>der</span> <span class='ocrx_word' id='word_1_443' title='bbox 1551 4639 1794 4703; x_wconf 84' lang='lat' dir='ltr'>Quellen‚</span> <span class='ocrx_word' id='word_1_444' title='bbox 1832 4643 1960 4693; x_wconf 88' lang='lat' dir='ltr'>tom.</span> <span class='ocrx_word' id='word_1_445' title='bbox 2000 4640 2040 4691; x_wconf 96' lang='lat' dir='ltr'>I.</span> <span class='ocrx_word' id='word_1_446' title='bbox 2080 4657 2130 4708; x_wconf 92' lang='lat' dir='ltr'>p.</span> <span class='ocrx_word' id='word_1_447' title='bbox 2175 4639 2291 4692; x_wconf 86' lang='lat'>194.</span> 
     </span>
     <span class='ocr_line' id='line_1_46' title="bbox 587 4719 1506 4789; baseline -0.005 -12"><span class='ocrx_word' id='word_1_448' title='bbox 587 4726 609 4760; x_wconf 78' lang='lat'>⁸</span> <span class='ocrx_word' id='word_1_449' title='bbox 649 4726 861 4777; x_wconf 84' lang='lat' dir='ltr'>Schulte</span> <span class='ocrx_word' id='word_1_450' title='bbox 895 4723 931 4776; x_wconf 93' lang='lat' dir='ltr'>l.</span> <span class='ocrx_word' id='word_1_451' title='bbox 971 4740 1017 4776; x_wconf 89' lang='lat' dir='ltr'>c.</span> <span class='ocrx_word' id='word_1_452' title='bbox 1055 4725 1183 4775; x_wconf 90' lang='lat' dir='ltr'>tom.</span> <span class='ocrx_word' id='word_1_453' title='bbox 1224 4721 1291 4774; x_wconf 91' lang='grc' dir='ltr'>ΙΙ.</span> <span class='ocrx_word' id='word_1_454' title='bbox 1330 4738 1380 4789; x_wconf 92' lang='lat' dir='ltr'>p.</span> <span class='ocrx_word' id='word_1_455' title='bbox 1421 4719 1506 4773; x_wconf 87' lang='lat'>85.</span> 
     </span>
     <span class='ocr_line' id='line_1_47' title="bbox 586 4798 2698 4870; baseline -0.003 -13"><span class='ocrx_word' id='word_1_456' title='bbox 586 4805 608 4840; x_wconf 78' lang='lat'><strong>⁹</strong></span> <span class='ocrx_word' id='word_1_457' title='bbox 648 4806 860 4858; x_wconf 84' lang='lat' dir='ltr'>Schulte</span> <span class='ocrx_word' id='word_1_458' title='bbox 895 4804 930 4857; x_wconf 94' lang='lat'>1.</span> <span class='ocrx_word' id='word_1_459' title='bbox 969 4821 1015 4857; x_wconf 92' lang='lat' dir='ltr'>c.</span> <span class='ocrx_word' id='word_1_460' title='bbox 1053 4806 1183 4857; x_wconf 93' lang='lat' dir='ltr'>tom.</span> <span class='ocrx_word' id='word_1_461' title='bbox 1223 4801 1263 4854; x_wconf 94' lang='lat' dir='ltr'>I.</span> <span class='ocrx_word' id='word_1_462' title='bbox 1303 4819 1354 4870; x_wconf 92' lang='lat' dir='ltr'>p.</span> <span class='ocrx_word' id='word_1_463' title='bbox 1396 4801 1515 4854; x_wconf 87' lang='lat'>175.</span> <span class='ocrx_word' id='word_1_464' title='bbox 1555 4817 1674 4868; x_wconf 87' lang='lat' dir='ltr'>sqq.</span> <span class='ocrx_word' id='word_1_465' title='bbox 1844 4799 1883 4832; x_wconf 89' lang='lat'>¹⁰</span> <span class='ocrx_word' id='word_1_466' title='bbox 1921 4800 2132 4852; x_wconf 84' lang='lat' dir='ltr'>Schulte</span> <span class='ocrx_word' id='word_1_467' title='bbox 2168 4798 2204 4851; x_wconf 96' lang='lat' dir='ltr'>l.</span> <span class='ocrx_word' id='word_1_468' title='bbox 2245 4816 2288 4852; x_wconf 94' lang='lat' dir='ltr'>c.</span> <span class='ocrx_word' id='word_1_469' title='bbox 2328 4817 2379 4868; x_wconf 92' lang='lat' dir='ltr'>p.</span> <span class='ocrx_word' id='word_1_470' title='bbox 2422 4798 2540 4853; x_wconf 88' lang='lat'>199.</span> <span class='ocrx_word' id='word_1_471' title='bbox 2579 4814 2698 4866; x_wconf 88' lang='lat' dir='ltr'>sqq.</span> 
     </span>
    </p>
   </div>
  </div>
 </body>
</html>
