3355 5328
1364 326 1543 382 Sectio
1579 327 1619 380 I.
1677 326 1712 393 ξ
1749 327 1833 381 56.
2858 327 2927 380 93

448 484 630 563 Quod
676 490 936 570 spectat
968 488 1052 555 ad
1097 496 1358 572 tempus,
1408 507 1535 569 quo
1568 485 1891 551 adornata
1935 485 2099 551 haec
2131 486 2430 551 collectio
2463 489 2585 563 est,
2636 486 2927 551 recensio

270 583 409 666 ejus
460 587 685 668 prima
743 586 863 650 sub
913 584 1310 651 Pontificatu
1356 585 1546 649 Lucii
1592 584 1720 649 ΙΙΙ.
1790 587 1938 648 orta
1999 604 2144 649 esse
2199 584 2497 661 videtur,
2534 583 2720 666 quia
2778 588 2926 649 tan-

265 681 604 746 tummodo
664 682 855 766 hujus
916 686 985 749 et
1028 682 1266 748 nullius
1313 681 1752 765 posteriorum
1799 681 2210 746 Summorum
2255 682 2642 748 Pontificum
2703 682 2926 747 decre-

266 778 438 843 tales
502 779 785 845 exhibet.
879 780 1199 855 Recensio
1251 782 1454 846 altera
1474 796 1491 799 ·’
1509 783 1690 847 certe
1735 801 1864 845 non
1915 783 2019 846 est
2068 781 2370 845 absoluta
2421 789 2567 845 ante
2612 801 2670 846 a.
2727 781 2924 856 11873

269 875 422 958 quia
484 877 777 944 continet
840 878 1205 944 decretales
1255 877 1475 962 Papae
1534 878 1868 943 Clementis
1914 878 2040 943 ΙΙΙ.
2060 929 2078 961 ,
2146 878 2257 959 qui
2319 878 2579 942 demum
2642 878 2815 944 dicto
2867 899 2924 942 a.

273 976 442 1039 1187
501 975 837 1041 Ecclesiae
896 997 1206 1060 praeesse
1252 975 1485 1059 coepit.
1579 975 1901 1042 Attamen
1950 980 2129 1042 certe
2181 977 2301 1041 sub
2350 975 2745 1041 Pontificatu
2798 977 2927 1040 Cle-

267 1077 496 1138 mentis
544 1074 670 1139 ΙΙΙ.
737 1074 1040 1141 absoluta
1072 1078 1239 1151 est,
1304 1074 1459 1156 quia
1516 1074 1756 1139 nullius
1816 1074 2252 1158 posteriorum
2302 1075 2711 1139 Summorum
2758 1072 2929 1138 Pon-

265 1171 516 1236 tificum
565 1171 928 1238 decretales
974 1173 1286 1238 continet.
1364 1172 1455 1238 Et
1501 1171 1762 1253 quidem
1796 1175 2036 1258 primis
2083 1171 2271 1237 annis
2317 1171 2746 1238 Pontificatus
2796 1172 2928 1236 Cle-

267 1273 496 1335 mentis
527 1272 654 1336 HI.
705 1272 1027 1337 adornata
1073 1292 1217 1336 esse
1263 1270 1543 1348 videtur,
1594 1270 1747 1353 quia
1791 1270 2247 1337 tantummodo
2297 1273 2463 1335 duas
2501 1290 2537 1334 e
2568 1268 2930 1334 numerosis

269 1371 339 1433 et
384 1368 793 1449 gravissimis
848 1369 1282 1435 decretalibus
1344 1369 1501 1434 dicti
1548 1368 1796 1435 Summi
1842 1368 2175 1434 Pontificis
2237 1369 2441 1434 refert
2471 1369 2526 1444 1;
2595 1367 2766 1449 quod
2814 1388 2929 1431 ex-

267 1465 500 1549 plicari
546 1487 678 1531 non
721 1471 966 1550 posset,
1016 1467 1072 1532 si
1117 1466 1262 1552 ipsa
1310 1467 1569 1535 demum
1614 1466 2085 1550 posterioribus
2119 1466 2306 1531 annis
2337 1464 2766 1531 Pontificatus
2802 1467 2930 1531 Cle-

268 1566 499 1629 mentis
545 1565 672 1630 III.
724 1565 1045 1631 adornata
1092 1564 1326 1631 fuisset
1351 1562 1395 1631 ².

995 1773 1034 1859 ξ
1083 1771 1185 1841 56.
1281 1773 1589 1841 Collectio
1637 1773 2147 1860 Bambergensis
2169 1772 2214 1838 ³.

452 1939 632 2016 Quae
680 1942 975 2007 collectio
1020 1942 1167 2008 ideo
1214 1943 1307 2007 sic
1340 1944 1728 2026 appellatur,
1779 1943 1932 2025 quia
1976 1943 2044 2007 in
2080 1942 2300 2008 codice
2348 1961 2466 2007 ms,
2501 1941 2934 2008 bibliothecae

268 2058 409 2120 reg.
461 2039 948 2124 Bamberqensis
1003 2039 1180 2122 (Ood.
1230 2062 1349 2107 mS.
1399 2041 1469 2106 P.
1519 2042 1568 2107 I.
1624 2040 1756 2123 11.)
1818 2042 2080 2107 detecta
2140 2044 2273 2118 est,
2336 2040 2641 2104 nimirum
2697 2061 2737 2104 a
2782 2060 2932 2122 pro-

269 2135 528 2202 fessore
567 2136 734 2220 juris
780 2139 1114 2204 Friderieo
1162 2140 1427 2205 Schulte.
1520 2139 1752 2205 Divisa
1799 2143 1902 2205 est
1945 2139 2013 2203 in
2062 2141 2146 2203 54
2191 2138 2440 2217 titulos,
2490 2138 2600 2220 qui
2646 2136 2934 2202 subdivi-

271 2234 520 2300 duntur
565 2235 631 2299 in
692 2236 944 2319 capita,
1008 2236 1363 2302 universim
1411 2239 1540 2302 446
1558 2287 1575 2315 ¹,
1640 2242 1708 2304 et
1769 2237 2061 2303 continet
2119 2236 2509 2321 praesertim
2571 2235 2934 2301 decretales

270 2333 500 2416 Papae
543 2334 908 2399 Alexandri
954 2336 1079 2400 ΙΙΙ.
1101 2387 1120 2418 ,
1185 2339 1253 2401 et
1295 2338 1645 2419 praeterea
1692 2336 2037 2400 nonnullas
2086 2335 2449 2401 decretales
2494 2333 2698 2418 ipsius
2742 2353 2933 2417 prae-

271 2428 693 2497 decessorum
754 2435 822 2498 et
867 2437 1180 2515 quattuor
1241 2434 1603 2499 decretales
1665 2435 1804 2518 ejus
1852 2433 2245 2499 successoris
2291 2434 2481 2498 Lucii
2528 2433 2652 2497 ΙΙΙ.
2671 2484 2690 2515 ,
2755 2436 2821 2497 et
2866 2431 2935 2495 in

266 2530 403 2594 fine
461 2529 532 2594 in
579 2531 661 2594 25
725 2552 908 2615 capp.
973 2531 1181 2597 refert
1241 2553 1524 2610 canones
1583 2531 1851 2597 Concilii
1913 2531 2241 2614 generalis
2286 2529 2751 2596 Lateranensis
2796 2529 2934 2608 IIL,

269 2627 513 2711 quibus
560 2627 828 2712 insuper
872 2633 1189 2713 tanquam
1237 2650 1378 2714 cap.
1430 2632 1533 2696 26.
1584 2630 1879 2698 additum
1942 2634 2046 2697 est
2105 2630 2281 2696 aliud
2328 2634 2525 2713 caput
2548 2679 2563 2708 ‚
2628 2629 2937 2695 haustum

268 2748 307 2792 e
369 2727 659 2793 Decreto
708 2728 1071 2793 Burchardi
1121 2728 1627 2794 Wormatiensis
1693 2729 1801 2795 lib.
1853 2729 2025 2795 XIX.
2095 2750 2233 2813 cap.
2300 2729 2402 2793 85.
2429 2778 2443 2806 ‚
2509 2728 2681 2810 quod
2744 2747 2935 2811 prae-

269 2823 436 2909 cipit
485 2825 565 2889 de
610 2846 740 2890 non
788 2825 1182 2891 comedendo
1231 2826 1548 2909 sanguine
1594 2831 1664 2912 et
1711 2828 2048 2894 suffocato,

459 2931 803 2998 Adornata
852 2932 1146 2999 collectio
1194 2934 1358 2999 haec
1418 2935 1538 2999 sub
1585 2934 1983 3000 Pontificatu
2032 2935 2222 3000 Lucii
2269 2934 2397 2998 ΙΙΙ.
2464 2952 2608 2998 esse
2655 2931 2935 3008 videtur,

269 3029 436 3112 quia
480 3029 720 3094 nullius
763 3030 1148 3114 posterioris
1183 3030 1430 3096 Summi
1459 3032 1795 3098 Pontificis
1843 3031 2342 3099 constitutiones
2389 3031 2613 3096 refert.
2703 3029 2765 3093 A
2811 3049 2938 3111 quo

267 3133 506 3194 tamen
553 3127 876 3193 adornata
921 3127 1138 3205 fuerit,
1186 3128 1486 3210 ignotum
1535 3133 1654 3196 est.
1720 3131 1796 3194 In
1844 3151 1924 3195 ea
1970 3129 2350 3195 adornanda
2397 3133 2628 3194 auctor
2672 3127 2939 3210 Appen-

267 3225 422 3291 dice
469 3225 736 3291 Concilii
781 3225 1244 3291 Lateranensis
1280 3230 1539 3312 primae
1585 3231 1965 3293 recensionis
2011 3248 2167 3293 usus
2215 3230 2335 3292 est.

460 3324 791 3407 Impressa
837 3324 1134 3390 collectio
1180 3324 1313 3390 ista
1356 3326 1691 3407 hucusque
1738 3347 1869 3391 non
1916 3330 2036 3392 est.

459 3421 766 3487 Voluisse
812 3425 1147 3488 auctorem
1177 3422 1370 3506 hujus
1402 3423 1804 3492 collectionis
1834 3424 2188 3489 Decretum
2222 3421 2521 3488 Gratiani
2568 3441 2698 3486 non
2730 3420 2939 3484 solum

268 3519 685 3597 continuare,
735 3519 851 3585 sed
898 3520 1099 3586 etiam
1131 3520 1477 3604 complere,
1524 3521 1675 3587 inde
1724 3523 1957 3599 elucet,
2007 3520 2179 3602 quod
2210 3520 2266 3585 is
2296 3520 2518 3602 Papae
2549 3519 2783 3583 Leonis
2815 3517 2936 3583 IX.

269 3616 851 3684 constitutionem:
913 3618 1208 3683 Relatum
1257 3627 1362 3702 est,
1413 3619 1471 3684 d.
1522 3619 1581 3685 d.
1634 3621 1738 3684 20.
1788 3618 1995 3703 April.
2052 3618 2218 3683 1052
2246 3615 2291 3696 ⁴,
2341 3637 2536 3698 quam
2586 3614 2939 3680 Gratianus

472 3820 483 3849 ¹
524 3816 791 3872 Nimirum
830 3821 967 3888 part.
1006 3819 1065 3873 L.
1105 3838 1221 3890 cap.
1262 3821 1359 3874 67..
1387 3823 1444 3874 et
1479 3821 1617 3890 part.
1651 3819 1771 3873 XV.
1812 3837 1927 3890 cap.
1967 3819 2069 3882 26„
2109 3836 2337 3888 quarum
2372 3817 2519 3887 prior
2557 3817 2642 3871 die
2667 3817 2752 3870 22.
2779 3815 2941 3872 Mart..

264 3898 424 3953 '1188
477 3898 605 3951 data
643 3916 763 3953 esse
813 3899 987 3953 fertur
1006 3942 1019 3964 ‚
1076 3900 1302 3954 alterius
1353 3903 1535 3954 autem
1588 3899 1721 3954 dies*
1755 3900 1914 3954 datae
1966 3903 2113 3953 certo
2165 3898 2513 3953 determinari
2550 3896 2754 3966 nequit.
2832 3894 2942 3949 cfr.

268 3978 450 4048 Jaffe'‚
489 3979 730 4046 Regesta
756 3978 970 4033 Pontiff.
997 3980 1225 4045 Romm„
1265 3981 1346 4034 ed.
1375 3981 1551 4034 Berol.
1584 3980 1740 4045 1851,
1761 3998 1831 4050 .p.
1860 3980 1981 4035 872.
2023 3997 2074 4033 n.
2106 3980 2171 4034 10
2187 3980 2307 4035 058.
2337 3982 2392 4033 et
2417 3997 2466 4049 p.
2495 3978 2616 4033 882.
2655 3996 2707 4031 n.
2739 3978 2804 4032 10
2820 3977 2940 4036 227.

464 4067 485 4100 ²
523 4068 795 4138 Impressa
832 4068 1062 4122 habetur
1099 4070 1303 4139 passim
1341 4068 1398 4122 in
1435 4069 1683 4124 omnibus
1719 4068 2070 4139 amplioribus
2122 4067 2528 4123 collectionibus
2568 4065 2943 4129 conciliorum,

264 4147 604 4203 nominatim
657 4147 714 4201 in
763 4150 1052 4202 Harduini
1098 4152 1228 4203 tom.
1281 4150 1373 4203 VI.
1427 4154 1566 4220 part.
1616 4150 1664 4202 2.
1720 4149 1818 4203 col.
1874 4149 2029 4204 1693.
2081 4166 2199 4218 sqq.
2264 4147 2383 4217 (cfr.
2436 4165 2601 4217 supra
2651 4165 2701 4216 p.
2756 4146 2839 4200 91.
2886 4144 2943 4196 in

264 4227 455 4297 not.);
495 4231 552 4282 et
586 4227 645 4281 in
681 4230 870 4282 Man-si
903 4231 1033 4283 tom.
1071 4228 1242 4283 XXII.
1283 4229 1382 4284 col.
1422 4230 1543 4285 248.
1583 4247 1704 4299 sqq.

466 4317 487 4351 ⁸
526 4318 755 4391 Schulte,
793 4318 897 4371 Zur
923 4317 1251 4373 Geschichte
1290 4319 1384 4372 der
1408 4318 1685 4373 Literatur
1721 4318 1854 4372 fiber
1893 4320 1991 4373 das
2016 4319 2214 4372 Decret
2248 4316 2519 4372 Gratiana.
2574 4315 2799 4369 Zweiter
2824 4314 2943 4366 Bei-

264 4405 428 4465 trag,
464 4398 524 4451 in
561 4397 678 4452 citt.
730 4398 911 4453 relatt.
952 4415 1086 4453 sess.
1126 4402 1254 4453 tom.
1294 4399 1484 4454 LXIV.
1524 4417 1575 4469 p.
1617 4400 1737 4453 138.
1777 4416 1932 4468 sqq.;
1986 4401 2156 4470 Idem,
2208 4398 2434 4465 Beitrag
2485 4414 2580 4450 zur
2617 4393 2944 4449 Geschichte

266 4481 383 4534 des
423 4495 611 4532 canon.
649 4477 855 4532 Rechts
906 4496 1014 4532 von
1051 4478 1280 4533 Gratian
1330 4479 1415 4533 bis
1466 4480 1564 4533 auf
1594 4479 1878 4533 Bemhard
1927 4497 2035 4532 von
2071 4478 2245 4533 Pavia
2261 4521 2274 4544 ‚
2326 4478 2383 4531 in
2434 4477 2549 4532 citt.
2588 4476 2769 4529 relatt.
2809 4490 2943 4527 sess».

261 4565 414 4617 tom.
442 4558 661 4612 LXXII.
699 4576 751 4628 p.
775 4559 901 4613 494.
928 4575 1048 4627 sqq.
1070 4578 1083 4623 ;
1123 4561 1287 4628 Idem,
1323 4559 1425 4613 Die
1451 4558 1780 4614 Geschichte
1807 4559 1901 4613 der
1926 4558 2153 4624 Quellen
2177 4559 2288 4612 und
2311 4557 2588 4611 Literatur
2624 4556 2719 4610 des
2757 4571 2944 4609 canon.

263 4637 523 4702 Rachia,
574 4641 702 4693 tom.
742 4639 782 4692 Ι.
820 4660 874 4708 p.
915 4640 1029 4703 77.;
1068 4641 1392 4708 Friedbery,
1430 4640 1494 4693 In
1532 4639 1687 4709 Corp.
1720 4639 1827 4710 jur.
1868 4657 2003 4705 can„
2043 4640 2123 4693 ed.
2161 4638 2306 4708 LipS.
2350 4638 2486 4692 1879
2525 4654 2662 4706 sqq„
2701 4638 2839 4705 part.
2877 4634 2946 4687 II.

262 4718 533 4793 prolegg.
575 4718 674 4772 col.
711 4718 956 4773 XLVIII.
995 4722 1106 4773 not.
1151 4719 1197 4773 1.

467 4808 493 4843 ⁴
530 4807 683 4874 Jaffe'
713 4807 748 4860 l.
789 4824 835 4861 c.
873 4825 925 4877 p.
965 4808 1086 4861 375.
1126 4825 1179 4861 n.
1217 4808 1373 4863 3246.
