3355 5328
266 320 371 379 168
1063 325 1202 378 Pars
1238 325 1306 378 Π.
1359 323 1719 380 Collectiones
1756 325 2123 380 decretalium.

441 484 523 551 II.
584 485 896 552 Collectio
941 486 1183 564 seriuS,
1244 490 1427 552 certo
1475 491 1697 553 autem
1757 488 1915 551 ante
1961 483 2133 550 diem
2184 488 2284 551 19.
2338 484 2514 568 Sept.
2570 485 2775 562 1251,
2838 485 2922 550 ab

263 581 406 665 ipso
452 583 777 665 Lugduni
802 584 1124 651 adornata
1172 588 1240 650 et
1285 583 1637 668 publicata.

441 686 767 756 Videlicet
809 693 960 774 post
1006 690 1253 756 editam·
1298 689 1768 767 collectionem,
1818 706 2017 773 supra
2063 694 2496 755 memoratam
2514 739 2529 768 ,
2585 610 2768 774 Papa
2809 686 2924 754 In-

262 787 603 853 nocentius
648 789 761 854 IV.
779 839 793 866 ,
858 786 1010 853 dum
1068 793 1293 854 tamen
1354 789 1566 854 adhuc
1624 785 1928 870 Lugduni
1986 787 2371 853 morabatur
2400 786 2439 866 ¹,
2501 789 2724 871 plures
2771 808 2924 853 con-

262 883 698 964 stitutionum,
747 884 815 950 in
846 886 1129 951 Concilio
1176 886 1472 968 generali
1500 885 1921 967 Lugdunensi
1952 885 2001 951 Ι.
2043 885 2387 964 editarum,
2437 906 2550 950 eas
2596 885 2921 965 nimirum,

263 1000 427 1064 quas
460 984 781 1049 communi
812 984 958 1049 usui
989 984 1132 1049 fore
1166 984 1610 1066 dignoscebat,
1644 984 1794 1061 illis,
1840 1003 2009 1066 quae
2038 983 2493 1049 tantummodo
2523 984 2925 1067 temporales

205 1085 211 1091 '
264 1085 454 1147 erant
476 1131 490 1159 ,
563 1081 821 1147 omissis
848 1077 892 1160 ²,
962 1102 1158 1166 porro
1223 1083 1570 1148 nonnullas
1636 1082 2002 1148 decretales
2069 1086 2138 1148 et
2203 1081 2707 1148 constitutiones
2771 1102 2926 1147 suas

265 1182 459 1245 extra
503 1178 664 1245 illud
708 1179 1063 1245 Concilium
1110 1180 1403 1258 emissas,
1453 1185 1521 1247 et
1564 1179 1634 1244 in
1682 1180 1899 1263 specie
1939 1179 2110 1257 illae,
2160 1196 2332 1262 quae
2376 1196 2577 1264 supra
2623 1181 2745 1246 sub
2773 1201 2838 1246 n.
2873 1181 2924 1246 Ι.

262 1282 668 1343 memoratae
714 1281 868 1343 sunt
885 1328 899 1355 ,
944 1278 1016 1342 111
1060 1277 1460 1365 peculiarem
1506 1278 1955 1343 collectionem
2002 1277 2261 1359 redegit
2279 1327 2293 1356 ‚
2351 1297 2548 1359 quam
2592 1278 2661 1342 in
2707 1279 2792 1343 28
2839 1278 2926 1344 ti—

261 1375 458 1453 tulos,
507 1376 592 1440 ad
637 1375 848 1442 instar
895 1375 1295 1442 collectionis
1330 1376 1795 1458 Gregorianae,
1845 1380 1915 1444 et
1959 1375 2028 1440 in
2059 1376 2145 1439 42
2194 1375 2413 1459 capita
2460 1375 2757 1455 divisam,
2806 1377 2926 1442 sub

263 1472 477 1538 bullat
537 1475 694 1559 Cum
741 1477 812 1540 in
861 1476 1136 1540 Concilio
1181 1470 1609 1560 Duqdunensi‘
1630 1471 1656 1513 ³
1697 1474 1802 1539 ‘ad
1847 1473 2287 1539 Parisiensem
2333 1478 2401 1540 et
2447 1474 2927 1540 Bononiensem

264 1570 754 1638 Universitates
770 1560 775 1567 Μ
785 1593 905 1637 nec
936 1588 1067 1637 non
1099 1572 1183 1637 ad
1205 1568 1688 1637 Bononiensem
1713 1572 2088 1657 episcopum
2105 1572 2132 1610 ⁴
2161 1571 2549 1651 transmisit,
2581 1573 2922 1649 mandans,

264 1672 338 1734 ut
371 1669 736 1735 decretales
769 1675 839 1736 et
870 1668 1390 1748 constitutiones,
1439 1668 1508 1734 in
1532 1670 1667 1734 1118
1699 1670 2083 1736 collectione
2128 1670 2401 1748 relatae,
2450 1669 2518 1734 in
2557 1669 2817 1753 judiciis
2861 1672 2929 1736 et

264 1765 333 1830 in
378 1767 618 1832 scholis
664 1766 1143 1833 adhiberentur
1177 1772 1409 1850 atque
1423 1764 1624 1834 etiam
1680 1767 2048 1834 collectioni
2091 1767 2542 1875 Gregorianae
2593 1768 2664 1832 in
2718 1768 2930 1893 titulis

267 1864 351 1928 ad
399 1863 693 1946 singulas
741 1886 966 1930 earum
1011 1863 1315 1931 indicatis
1359 1864 1873 1931 insererentur.
1828 1867 1877 1909 ⁵
1965 1892 1996 1897 ··

445 1970 756 2039 Collectio
802 1973 947 2055 ipsa
992 1972 1337 2038 adducitur
1382 1972 1450 2036 in
1494 1972 1689 2056 pleno
1736 1972 2088 2037 verborum
2132 1976 2362 2038 tenore
2396 1972 2568 2056 apud
2605 1973 2881 2038 Bo'hmer
2903 1971 2929 2012 ⁶

267 2073 335 2135 et
382 2070 604 2136 Mansi
632 2070 674 2156 ⁷,
737 2075 806 2137 et
850 2070 918 2134 in
966 2069 1379 2154 compendiO,
1441 2069 1752 2135 videlicet
1796 2070 2202 2135 solummodo
2255 2088 2403 2135 cum
2447 2070 2740 2136 rubricis
2769 2070 2930 2137 titu-

265 2167 479 2231 lorum
538 2172 736 2251 atque
796 2168 1156 2234 initialibus
1214 2168 1484 2233 'vocibus
1545 2167 1953 2249 singularum
2013 2168 2439 2234 decretalium
2496 2171 2564 2233 et
2611 2168 2930 2234 constitu-

264 2264 538 2345 tionum,
587 2267 761 2350 apud
807 2264 1127 2335 Schulteffi

443 2373 747 2455 Lugduni
777 2379 1000 2440 autem
1031 2374 1202 2438 hanc
1233 2372 1684 2439 collectionem
1717 2373 2105 2439 adornatam
2136 2393 2302 2451 esse,
2336 2377 2404 2438 et
2434 2372 2534 2439 sic
2562 2377 2744 2439 certo
2775 2376 2931 2439 ante

269 2469 440 2534 diem
477 2473 577 2538 19.
615 2471 1017 2555 Septembris
1054 2473 1245 2548 1251,
1294 2492 1423 2553 qua
1453 2471 1635 2555 Papa
1667 2470 2088 2536 Innocentius
2120 2470 2232 2536 IV.
2266 2468 2605 2551 Lugdun0,
2652 2470 2932 2536 Romam

267 2586 671 2648 reversurus,
705 2569 1009 2635 discessit
1035 2567 1078 2647 ⁹,
1115 2568 1308 2635 dubio
1341 2572 1542 2635 caret.
1608 2568 1860 2634 Narrat
1893 2568 2065 2633 enim
2099 2570 2372 2635 Thomas
2394 2569 2929 2654 DiplovataociuS,

278 2780 399 2842 „Ad
434 2779 564 2830 haec
577 2819 594 2848 ‚
647 2778 775 2847 quia
811 2778 869 2831 in
907 2779 1140 2847 quadam
1180 2777 1411 2847 epistola
1446 2776 1624 2832 felicis
1661 2777 2050 2836 recordationis
2088 2778 2368 2846 Gregorii,
2411 2780 2593 2850 Papae
2630 2781 2744 2845 IX„
2779 2798 2931 2852 prae-

270 2857 571 2913 decessoris
604 2858 795 2923 nostri,
834 2859 1101 2927 quaedam
1132 2857 1441 2914 invenimus
1478 2857 1773 2922 declarata,
1810 2856 1983 2928 ipsius
2018 2861 2264 2914 tenorem
2288 2859 2550 2929 epistolae
2574 2861 2731 2916 vobis
2754 2864 2930 2915 trans·

270 2936 564 3003 mittimus,
603 2939 705 2992 sub
741 2938 927 2993 titulo:
978 2941 1043 2991 de
1077 2940 1294 2994 testibus
1329 2939 1724 3000 adnectendam.
1738 2979 1754 3003 ‚
1784 2956 1932 3007 ,quae
1967 2938 2097 2993 talis
2135 2942 2258 2994 estz.
2297 2939 2592 3008 Gregorius
2630 2940 2932 3011 episcopus,

273 3034 470 3072 servus
506 3036 790 3072 servorum
825 3018 943 3084 Dei,
981 3018 1285 3078 venerabili,
1316 3017 1475 3072 fratri
1511 3021 1697 3074 nostro
1714 3060 1728 3083 ‚
1779 3017 2182 3089 archiepiscopo
2220 3019 2661 3088 Rothomagensi,
2698 3021 2933 3075 salutem

271 3100 329 3151 et
364 3098 719 3167 apostolicam
755 3099 1200 3154 benedictionem„
1273 3098 1656 3156 Praesentium
1692 3098 1795 3153 tibi
1831 3098 2157 3153 auctoritate
2193 3100 2530 3165 mandamus,
2570 3103 2840 3169 quatenus
2875 3100 2934 3154 in

271 3195 438 3232 causa
453 3220 467 3243 ‚
519 3196 658 3247 quae
707 3179 851 3234 inter
901 3179 1155 3240 abbatem
1191 3183 1248 3234 et
1293 3182 1621 3236 conventum
1654 3178 1834 3233 sancti
1869 3179 2119 3234 Nicholai
2153 3181 2437 3248 Andegav.
2495 3199 2567 3235 ex
2600 3184 2757 3251 parte
2808 3198 2933 3246 una,

272 3262 329 3313 et
365 3259 626 3329 priorem“
669 3264 772 3315 etc.
798 3261 960 3330 Apud
982 3262 1232 3329 Bo'hmer,
1273 3260 1428 3330 Corp.
1464 3260 1570 3330 jur.
1599 3277 1737 3324 can„
1772 3263 1903 3314 tom.
1929 3260 1997 3314 H.
2035 3261 2264 3331 append.
2290 3261 2386 3315 ΠΙ.
2413 3261 2512 3316 001.
2540 3261 2661 3315 356.
2700 3278 2819 3331 cap.
2846 3262 2931 3316 20.

455 3352 474 3387 ¹
510 3349 829 3405 Morabatur
863 3354 1049 3404 autem
1084 3349 1162 3403 ibi
1196 3366 1372 3417 usque
1408 3349 1480 3402 ad
1516 3348 1659 3402 diem
1698 3349 1781 3403 19.
1809 3348 1956 3419 Sept.
1988 3350 2141 3414 1251,
2181 3366 2303 3417 (188,
2340 3367 2663 3404 reversurus
2687 3350 2932 3414 Romam,

272 3428 536 3496 Lugduno
575 3430 845 3484 discessit.
887 3428 1446 3499 (Potthast,R1egesta
1484 3427 1703 3482 Pontiff.
1741 3428 1912 3494 Rom,
1951 3428 2058 3482 vol.
2098 3429 2165 3482 ΙΙ.
2205 3446 2256 3499 p.
2299 3428 2477 3497 1180.)
2579 3437 2582 3441 “

454 3520 475 3555 ²
511 3520 634 3574 Huc
670 3518 944 3589 pertinent
992 3537 1046 3573 v.
1086 3536 1140 3586 g
1177 3518 1327 3572 illius
1365 3516 1593 3571 Concilii
1642 3516 2060 3572 constitutiones
2110 3518 2176 3571 de
2212 3516 2480 3582 subsidio,
2530 3517 2795 3571 mittendo
2832 3517 2935 3571 Im·

272 3598 512 3668 peratori
549 3598 1174 3668 Constantinopolitano,
1213 3600 1278 3653 de
1316 3596 1593 3662 TartariS,
1630 3615 1796 3668 super
1834 3596 2102 3652 Cruciata.
2146 3597 2467 3667 (Harduin7
2504 3600 2633 3652 tom.
2670 3596 2793 3651 VII.
2833 3596 2933 3651 col.

276 3678 397 3733 388
437 3696 557 3747 sqq.
595 3697 648 3733 n.
693 3680 774 3733 13.
814 3696 964 3747 sqq.
1013 3680 1216 3748 Mami,
1252 3682 1382 3732 tom.
1420 3678 1620 3732 XXIII.
1659 3677 1761 3731 col.
1799 3678 1921 3731 622.
1961 3694 2110 3761 sqq.;
2164 3680 2406 3742 Schulte,
2456 3676 2558 3731 Die
2594 3676 2936 3741 Decretalen‚

274 3757 398 3812 l..c
436 3777 488 3828 p.
530 3760 650 3814 709.
688 3762 799 3813 not.
838 3758 949 3827 26.)

456 3840 479 3871 ⁸
515 3838 718 3892 Datum
755 3838 919 3910 hujus
955 3838 1139 3892 bullae
1176 3841 1325 3893 certo
1365 3837 1715 3892 determinari
1748 3837 1954 3907 nequit.

454 3919 479 3953 ⁴
518 3920 730 3972 Schulte
765 3919 785 3972 l
842 3936 887 3972 c.
926 3937 977 3988 p.
1018 3920 1138 3974 705.
1177 3921 1287 3972 not.
1331 3919 1413 3972 14.

457 3998 479 4034 ⁵
518 3997 667 4064 Quae
703 3998 870 4063 bulla,
908 3999 979 4052 ad
1014 3997 1382 4052 Parisiensem
1418 3997 1849 4052 Universitatem
1889 3998 2017 4051 data
2059 3996 2228 4068 (apud
2267 3998 2481 4051 Schulte
2516 3996 2553 4050 1.
2590 4014 2637 4051 c.
2676 4013 2728 4067 p.
2769 3995 2937 4061 705.),

277 4081 453 4143 sonat,
489 4081 553 4132 ut
588 4078 859 4147 sequitur:
913 4079 1288 4144 „Innocentius
1326 4078 1612 4148 episcopus
1628 4120 1640 4142 ,
1680 4094 1874 4131 servus
1907 4094 2189 4132 servorum
2226 4077 2344 4142 Dei,
2380 4076 2731 4132 universitati
2766 4076 2937 4144 magi-

277 4161 513 4212 strorum
551 4162 609 4214 et
643 4158 973 4213 scholarium
1009 4158 1240 4213 Parisiis
1276 4159 1513 4212 salutem
1549 4161 1606 4212 et
1641 4157 1996 4227 apostolicam
2036 4158 2482 4212 benedictionem.
2534 4156 2670 4211 Cum
2707 4157 2766 4209 in
2804 4156 2938 4211 Con·

277 4237 401 4292 cilio
439 4238 789 4307 Lugdunensi
827 4240 1091 4307 quasdam
1116 4238 1532 4293 constitutiones
1557 4256 1722 4308 super
1746 4237 1912 4292 certis
1944 4237 2191 4293 articulis
2217 4238 2472 4291 duximus
2497 4237 2937 4308 promulgandas,

276 4318 628 4374 universitati
663 4322 884 4373 vestrae
920 4337 1016 4389 per
1053 4319 1352 4389 apostolica
1387 4318 1594 4389 scripta
1629 4319 1951 4372 mandamus
1967 4361 1981 4384 ,
2020 4322 2289 4387 quatenus
2326 4318 2405 4372 eis
2422 4360 2435 4383 ,
2474 4335 2612 4386 quas
2647 4318 2751 4371 sub
2788 4316 2939 4371 bulla

274 4402 465 4454 nostra
502 4399 658 4454 vobis
694 4398 1135 4463 transmittimus,
1173 4398 1256 4453 uti
1291 4398 1481 4453 velitis
1517 4399 1707 4453 amodo
1739 4403 1855 4453 tam
1892 4399 1948 4451 in
1980 4398 2201 4470 judiciis
2239 4415 2404 4466 quam
2439 4398 2497 4452 in
2532 4397 2750 4462 scholis,
2788 4397 2939 4468 ipsas

278 4480 380 4533 sub
414 4479 611 4544 titulis,
649 4483 811 4551 prout
849 4480 950 4533 sub
989 4479 1235 4548 qualibet
1269 4497 1457 4533 earum
1493 4478 1833 4549 exprimitur,
1871 4478 2038 4533 inseri
2074 4478 2387 4533 facientes.“

456 4560 618 4615 Bulla
631 4602 644 4625 ,
683 4560 753 4613 ad
788 4561 1176 4613 Bononiensem
1212 4559 1645 4614 Universitatem
1683 4558 1889 4612 directa
1905 4600 1918 4623 ,
1958 4558 2201 4628 ejusdem
2238 4559 2353 4612 fere
2389 4557 2596 4612 tenoris
2631 4558 2938 4622 verborum,

279 4639 567 4694 adducitur
603 4642 746 4711 apud
783 4642 1017 4694 Bo'hmer
1051 4639 1087 4693 1.
1127 4658 1173 4693 c.
1213 4640 1313 4694 col.
1352 4639 1474 4694 351.
1512 4657 1595 4708 sq.

460 4721 482 4757 ⁶
518 4720 578 4775 L.
617 4738 663 4774 c.
703 4720 801 4774 col.
842 4720 1160 4774 351.—368.
1345 4722 1363 4754 '¹
1403 4719 1625 4773 Collect.
1665 4717 1889 4772 Concill.
1926 4721 2056 4772 tom.
2094 4717 2294 4772 XXIII.
2334 4717 2436 4773 col.
2476 4719 2597 4772 651.
2634 4733 2757 4786 sqq.

461 4800 483 4836 ⁸
518 4800 578 4854 L.
617 4819 663 4854 0.
703 4819 754 4870 p.
796 4801 1114 4855 705.-708.
1345 4800 1367 4834 ⁹
1407 4800 1646 4853 Potthast
1682 4798 1719 4852 1.
1758 4816 1804 4852 c.
1842 4797 1950 4852 vol.
1989 4797 2058 4852 II.
2096 4816 2147 4868 p.
2190 4799 2343 4853 1180.
