3355 5328
338 301 448 357 228
1162 302 1300 355 Pars
1338 271 1430 356 ΙΙΙ.
1486 301 1694 372 Corpus
1725 300 1867 372 juris
1904 301 2162 356 canonici.

336 460 552 526 nonici
609 460 678 524 in
737 459 1190 527 Universitate
1250 461 1567 527 Perusina
1628 461 1700 544 (†
1755 462 1954 545 1590)
1982 462 2024 529 ¹.
2119 461 2300 539 Quod
2365 483 2526 545 opus
2592 482 2632 526 a
2694 460 3005 545 praefato

337 559 695 624 Lancelotto
755 580 840 624 ex
898 559 1209 625 mandato
1256 559 1477 643 Papae
1523 561 1718 624 Pauli
1764 561 1883 626 IV.
1934 557 2432 642 (1555—1559)
2489 560 2571 625 ad
2632 559 2844 625 instar
2888 560 3005 624 In-

335 656 751 723 stitutionum
790 657 956 740 juris
1004 657 1212 722 civilis
1243 658 1670 740 Imperatoris
1702 658 2056 724 Justiniani
2088 659 2138 724 I.
2181 656 2591 740 (527-565)
2617 654 2645 696 ²
2691 656 3005 723 adornari

334 759 636 839 coeptum
696 759 763 821 et
810 755 929 820 sub
976 755 1369 821 Pontificatu
1415 756 1523 820 Pii
1570 756 1688 821 IV.
1740 752 2239 838 (1559—1565)
2287 756 2689 834 absolutum,
2751 777 3008 839 nequa-

333 873 529 934 quam
590 858 815 918 autem
874 853 956 918 ab
1015 854 1141 919 hoc
1199 853 1308 918 vel
1370 854 1451 919 ab
1512 854 1645 918 ullo
1695 853 1823 919 alio
1873 853 2135 919 Summo
2183 853 2499 919 Pontifice
2561 855 3004 938 approbatum

331 951 553 1015 ullave
601 950 996 1016 auctoritate
1043 950 1302 1034 publica
1346 950 1669 1017 munitum
1717 955 1837 1017 est.

515 1056 815 1122 Divisum
885 1061 987 1122 est
1056 1058 1140 1123 ad
1208 1057 1418 1123 instar
1487 1058 1939 1141 praefatarum
2007 1057 2502 1123 Institutionum
2571 1057 3008 1141 Imperatoris

330 1155 375 1221 J
376 1154 686 1221 ustiniani
715 1155 788 1233 Ι.,
839 1155 1145 1220 nimirum
1175 1155 1244 1219 in
1291 1159 1603 1238 quattuor
1649 1157 1863 1238 libros,
1911 1155 2061 1221 libri
2108 1154 2423 1221 subdivisi
2470 1161 2624 1222 sunt
2670 1156 2739 1221 in
2785 1159 3004 1222 titulos

331 1257 399 1319 et
445 1252 622 1320 tituli
667 1253 736 1317 in
770 1255 1224 1339 paraqraphos
1272 1251 1437 1336 (ἓξ),
1502 1253 1755 1336 quibus
1781 1258 2007 1319 tamen
2052 1275 2498 1337 nequaquam,
2547 1254 2645 1320 uti
2690 1255 2759 1319 in
2804 1275 3008 1338 prae-

333 1351 522 1418 dictis
568 1351 1097 1418 Institutionibus
1142 1351 1567 1435 Imperatoris
1598 1352 1640 1418 J
1644 1351 1956 1418 ustiniani
2003 1373 2082 1417 ac
2129 1352 2329 1418 etiam
2374 1351 2443 1416 in
2490 1354 2839 1418 canonibus
2869 1355 3004 1419 De·

330 1453 483 1515 creti
527 1451 603 1515 fit
630 1446 673 1527 ³,
723 1449 1171 1533 praemittitur
1204 1452 1605 1535 principium
1652 1449 1834 1535 (pru).

511 1557 766 1624 Citatur
811 1579 973 1641 opus
1019 1557 1180 1621 illud
1227 1557 1572 1639 allegando
1609 1558 2105 1642 par-ayraphum
2120 1608 2138 1640 ,
2197 1558 2523 1623 rubricam
2569 1557 2747 1624 tituli
2796 1563 3006 1641 atque

331 1676 624 1720 numeros
668 1654 817 1719 libri
864 1659 931 1720 et
976 1654 1173 1733 tituli,
1224 1676 1371 1719 cum
1417 1654 1902 1720 additamento:
1953 1655 2108 1720 Inst.
2143 1656 2345 1721 Lanc.
2408 1656 2490 1721 V.
2539 1677 2603 1738 g.
2654 1655 2688 1738 ἓ
2728 1659 2782 1722 1.
2831 1656 3001 1723 Inst.

330 1753 528 1818 Lana
581 1751 660 1816 de
707 1752 823 1818 vit.
875 1755 942 1817 et
987 1746 1241 1818 honest.
1295 1752 1603 1836 praelatt.
1652 1752 1703 1818 Ι.
1761 1755 1861 1818 12.

509 1858 736 1925 Prima
794 1858 939 1924 vice
999 1858 1241 1943 prodiit
1302 1881 1465 1943 opus
1525 1859 1685 1924 illud
1745 1858 2020 1924 seorsim
2080 1861 2389 1925 Perusiae
2435 1882 2495 1926 a.
2550 1862 2720 1926 1563
2780 1860 2849 1925 in
2895 1864 3000 1940 4⁰,

330 1958 449 2022 Pio
482 1958 703 2045 Papae
734 1959 853 2023 IV.
891 1957 1279 2035 dedicatum,
1329 1958 1449 2022 sub
1480 1956 1710 2023 titulo:
1770 1956 2259 2035 „Institutiones
2283 1958 2450 2042 juris
2491 1959 2802 2038 canonici,
2853 1958 3006 2041 qui—

330 2055 451 2122 bus
488 2056 597 2139 jus
642 2055 1045 2138 pontificium
1077 2054 1394 2137 singulari
1424 2055 1733 2121 methodo
1780 2055 1963 2120 libris
2004 2061 2285 2137 quatuor
2316 2057 2918 2140 comprehenditur“
2948 2057 2993 2124 ⁴.

510 2162 762 2228 Sensim
823 2167 1047 2229 autem
1106 2162 1497 2230 editionibus
1558 2162 1861 2245 Corporis
1915 2162 2081 2245 juris
2143 2162 2437 2229 canonici
2495 2168 2810 2247 tanquam
2876 2187 2992 2250 ap·

323 2262 570 2346 pendia:
617 2261 886 2344 adjungi
934 2260 1293 2338 consuevit,
1344 2259 1442 2326 uti
1486 2259 1873 2326 nominatim
1904 2261 2264 2326 Basileensi
2296 2282 2354 2327 a.
2396 2263 2585 2340 1570,
2634 2263 3005 2328 Parisiensi

330 2380 390 2424 a.
445 2360 635 2436 1587,
686 2360 1220 2443 Francofurtensi
1267 2380 1325 2424 a.
1382 2360 1550 2423 1590
1599 2380 1695 2441 sq.
1747 2361 1815 2422 et
1863 2359 2283 2443 Laydunensi
2331 2381 2389 2426 a.
2445 2362 2636 2426 1614.

513 2466 694 2549 Opus
739 2467 881 2545 1100,
929 2466 1084 2532 licet
1130 2466 1333 2531 ullam
1379 2464 1847 2531 auctoritatem
1892 2464 2220 2548 publicam
2264 2488 2396 2532 non
2441 2468 2718 2545 habeat,
2769 2472 3004 2534 tamen

331 2585 450 2647 pro
499 2565 948 2646 cognoscendo
989 2563 1136 2647 jure
1184 2562 1649 2641 ecclesiastic0‚
1700 2563 1872 2645 quod
1904 2584 2073 2629 saec.
2108 2564 2283 2630 XVI.
2333 2564 2399 2629 in
2431 2566 2729 2631 Ecclesia
2759 2566 2999 2649 viguit,

330 2661 553 2745 magni
602 2667 704 2728 est
749 2660 1084 2729 momenti.

712 2862 751 2948 ξ
798 2861 932 2930 159.
1024 2863 1178 2930 Alia
1226 2862 1681 2931 additamenta
1730 2863 2030 2951 Corporis
2072 2863 2248 2951 juris
2298 2864 2616 2934 canonici.

513 3035 787 3117 Insuper
834 3038 1056 3100 autem
1103 3034 1415 3098 nonnulla
1475 3033 1606 3098 alia
1653 3032 2107 3099 additamenta
2157 3034 2422 3119 Corpori
2454 3035 2636 3119 juris
2683 3036 2998 3117 canonici,

333 3131 724 3217 praesertim
771 3132 1063 3213 glossato
1083 3182 1097 3210 ‚
1148 3136 1215 3198 et
1263 3131 1521 3213 quidem
1568 3135 1711 3197 tum
1759 3131 1843 3195 ad
1889 3130 2182 3213 singulas
2231 3132 2371 3215 ejus
2417 3135 2642 3214 partes
2661 3181 2675 3209 ‚
2738 3135 2879 3197 tum
2926 3130 2998 3195 in

332 3234 461 3297 fine
507 3230 712 3297 totius
760 3229 1028 3313 adjungi
1075 3230 1307 3295 solent.
1400 3230 1491 3295 Et
1541 3229 1713 3311 quod

511 3338 590 3404 A.
656 3338 741 3403 ad
787 3337 1082 3419 singulas
1129 3338 1268 3421 ejus
1316 3342 1542 3421 partes
1590 3341 1868 3420 spectat,

511 3445 561 3511 I.
625 3447 887 3511 Decreta
937 3446 1245 3510 Gratiani
1292 3443 1558 3529 adjungi
1607 3448 2089 3509 consueverunt

518 3555 574 3618 1.
625 3553 710 3617 ad
756 3553 821 3618 G.
871 3552 1135 3618 XXXV.
1187 3574 1291 3634 qu.
1340 3554 1399 3617 5.
1450 3550 1544 3615 sic
1591 3550 1768 3615 dicta
1798 3551 2013 3614 Arbor
2058 3551 2627 3634 consanquinitatis
2676 3557 2731 3614 et
2778 3549 3000 3633 affini·

333 3654 502 3735 tatis,
556 3672 701 3715 cum
749 3649 1215 3716 commentario
1262 3651 1539 3715 Joannis
1587 3650 1911 3713 Andreae.

515 3759 573 3823 2.
628 3758 914 3821 Canones
963 3759 1444 3841 poenitentiales
1491 3758 1580 3820 47
1594 3807 1612 3838 ‚
1676 3775 1761 3819 ex
1810 3753 2076 3818 Summa
2135 3773 2336 3818 aurea
2382 3753 2741 3818 Hostiensis
2789 3755 2998 3834 (Hen-

335 3858 456 3920 riei
506 3855 584 3919 de
631 3854 939 3939 Seyasio).

516 3964 575 4026 3.
629 3960 732 4025 Sic
793 3960 951 4026 dicti
1000 3962 1287 4026 Canones
1334 3963 1803 4046 Apostolorum,
1852 3979 2120 4023 numero
2171 3959 2284 4036 84,
2348 3978 2433 4022 ex
2486 3957 2791 4023 versione
2838 3959 2998 4025 Gre-

330 4062 498 4145 9orii
544 4060 919 4124 Haloandri
964 4055 1373 4143 (Hofmann),
1417 4056 1869 4141 jurisconsulti
1918 4055 2226 4122 Germani
2273 4054 2343 4136 (†
2380 4056 2579 4139 1531)
2605 4055 2650 4122 ⁵.

518 4290 534 4323 ¹
576 4289 804 4356 Schulte,
841 4285 941 4340 Die
981 4286 1309 4341 Geschichte
1348 4287 1443 4340 der
1481 4286 1727 4351 Quellen,
1763 4289 1893 4340 tom.
1934 4286 2028 4339 ΙΙΙ.
2066 4287 2206 4355 part.
2250 4286 2295 4338 1.
2334 4302 2385 4354 p.
2424 4284 2547 4338 451.
2586 4300 2705 4352 sqq.

515 4367 535 4400 ²
572 4368 721 4421 Infra
758 4369 985 4436 append.
1025 4385 1142 4436 cap.
1181 4367 1223 4421 I.
1262 4370 1364 4421 art.
1404 4368 1453 4420 3.
1493 4367 1525 4434 ἓ
1566 4367 1649 4421 16.

512 4450 537 4484 ⁴⁸
576 4448 685 4501 Cfr.
724 4465 890 4517 supra
925 4465 977 4517 p.
1018 4448 1067 4501 6.

512 4527 536 4563 ⁴
572 4527 697 4581 Alia
735 4527 899 4581 editio
935 4526 1136 4597 prodiit
1171 4529 1419 4580 Basileae
1462 4527 1596 4580 1566
1634 4526 1690 4579 111
1730 4527 1805 4591 40,
1853 4542 1976 4579 011111
2012 4524 2157 4579 notis
2193 4526 2399 4579 Ludov.
2440 4525 2636 4590 Alfieri
2648 4565 2664 4593 ,
2709 4522 2998 4578 indicanti·

334 4608 436 4661 bus
472 4608 652 4661 fontes
689 4607 851 4678 hujus
888 4607 1095 4677 operis;
1148 4624 1306 4677 porro
1346 4609 1601 4660 Perusiae
1640 4606 1776 4660 1567
1817 4623 1941 4660 cum
1976 4604 2120 4659 notis
2156 4604 2329 4674 ipsius
2367 4603 2621 4673 motoria,
2660 4602 2924 4674 appositis
2961 4620 2996 4658 a

334 4689 563 4741 Roberto
601 4690 657 4740 et
693 4689 991 4741 Franci-sco
1028 4689 1292 4740 Mancini.
1371 4687 1481 4741 Cfr.
1522 4688 1736 4740 Schulte
1772 4687 1808 4740 l.
1848 4704 1893 4740 c.
1933 4704 1984 4755 p.
2022 4686 2145 4740 451.
2183 4688 2295 4738 not.
2334 4684 2384 4739 3.

516 4769 536 4802 ⁵
573 4768 787 4835 Jacher,
825 4766 1060 4834 Allgem.
1101 4766 1682 4831 Gelehrten-Lexikon,
1719 4769 1849 4820 tom.
1889 4766 1956 4818 ΙΙ.
1996 4765 2097 4820 001.
2139 4765 2293 4819 1336.
2333 4782 2387 4819 V.
2425 4765 2762 4818 Haloander.
