3355 5328
1403 279 1581 349 Caput
1615 279 1710 332 IV.
1762 279 1795 345 ἓ
1832 278 1919 332 21.
2934 279 3003 333 35

335 442 405 504 61
450 440 764 504 Sicardus
814 438 1249 503 Cremonensis
1275 437 1316 520 ¹,
1379 458 1609 502 verum
1671 436 1873 501 etiam
1922 420 2275 501 Gratianus
2338 456 2414 502 60
2476 435 2823 502 manifeste
2885 437 2998 501 (16-

333 539 684 620 monstrat,
719 535 892 617 quod
923 535 1063 618 ipse
1095 535 1264 599 hanc
1287 534 1553 600 Decreti
1585 537 1843 618 partem
1875 553 1994 617 per
2024 556 2256 598 causas
2288 536 2356 598 et
2388 538 2781 619 quaestiones
2814 535 2997 600 citat.

515 643 711 726 Cujus
744 641 1076 707 citationis
1108 641 1410 724 exempla
1442 644 1516 706 ut
1541 641 1716 706 clare
1740 639 2237 723 perspiciantur,
2272 640 2630 706 notandum
2662 641 2843 724 prius
2875 646 2999 720 est,

336 763 467 823 qua
513 740 770 806 ratione
820 740 1174 806 Gratianus
1221 739 1514 821 singulas
1563 741 1987 822 auctoritates,
2036 738 2118 803 ab
2163 737 2305 820 ipso
2352 738 2419 802 in
2464 740 2817 805 Decretum
2865 740 2999 805 col-

334 840 529 917 latas,
571 839 776 904 citare
807 838 1036 904 soleat.
1071 839 1161 902 Et
1209 838 1329 902 has
1360 836 1619 918 quidem
1649 836 1760 901 ille
1789 856 2121 917 nunquam
2151 856 2342 900 voce:
2392 859 2614 919 canon,
2653 838 2770 902 sed
2800 858 2998 903 voce:

337 946 546 1022 caput,
598 937 705 1001 vel
737 939 1103 1021 capitulum,
1151 935 1260 999 vel
1308 938 1672 1018 auctoritas,
1721 934 1830 998 vel
1876 936 2057 1016 illud,
2107 937 2176 999 et
2221 933 2536 1000 similibus
2583 939 2782 1017 atque
2823 937 2996 1018 ejus-

338 1036 487 1100 dem
544 1034 963 1100 auctoritatis
1022 1035 1272 1099 vocibus
1330 1033 1724 1116 initialibus,
1790 1052 2122 1113 nunquam
2184 1052 2410 1096 earum
2469 1055 2728 1098 numero
2789 1033 2999 1099 citare

338 1132 685 1198 consuevit
713 1131 757 1198 ².

517 1231 561 1296 J
564 1252 672 1295 am
710 1234 933 1296 autem
982 1228 1336 1295 Gratianus
1381 1227 1521 1311 ipse
1567 1249 1603 1293 e
1649 1231 1841 1310 parte
1881 1227 2148 1293 Decreti
2192 1230 2474 1293 secunda
2520 1228 2711 1294 citat:

523 1337 573 1403 Ι.
624 1358 872 1402 causas.

337 1539 592 1592 modum:
647 1537 843 1591 dividit
880 1554 1000 1590 eam
1038 1537 1094 1590 in
1133 1537 1368 1590 XXXVI
1405 1537 1704 1608 particulas
1721 1580 1733 1602 ,
1788 1555 1924 1605 quas
1962 1555 2157 1591 causas
2195 1537 2438 1591 dicimus.
2514 1537 2577 1589 In
2615 1537 2810 1604 quibus
2848 1537 3000 1607 prius

339 1618 407 1671 de
446 1617 779 1682 criminibus,
819 1618 1083 1685 quomodo
1120 1616 1344 1687 proponi
1384 1618 1616 1671 debeant
1640 1620 1698 1671 et
1729 1617 1978 1687 judicari,
2017 1617 2357 1683 determinat,
2396 1620 2584 1687 postea
2623 1618 2688 1670 (16
2726 1621 2877 1671 statu
2914 1636 2999 1672 ec·

340 1697 544 1752 clesiae
598 1700 654 1751 et
704 1697 1021 1751 clericorum
1059 1700 1280 1752 tractat.
1353 1697 1540 1764 Agens
1593 1698 1657 1751 (16
1710 1697 2053 1751 immunitate
2105 1701 2160 1751 61
2195 1697 2500 1767 privilegiis
2538 1697 2801 1752 ecclesiae
2840 1701 2896 1751 et
2933 1699 2999 1752 de

339 1777 566 1831 decimis
604 1781 661 1831 et
697 1777 1058 1831 oblationibus
1097 1777 1356 1848 ejusdem,
1396 1778 1569 1845 deque
1607 1777 1993 1848 praerogativa
2031 1777 2364 1842 clericorum,
2404 1778 2469 1831 de
2508 1774 2866 1845 religiositate
2893 1796 3002 1832 mo-

339 1858 638 1912 nachorum
656 1900 667 1922 ,
721 1858 786 1911 de
824 1857 1105 1922 hereticis,
1146 1860 1202 1911 et
1239 1857 1621 1922 schismaticis,
1658 1857 2092 1922 mathematiciS,
2132 1859 2393 1925 quomodo
2431 1861 2487 1911 et
2523 1859 2736 1925 quando
2775 1859 3007 1912 debeant

340 1937 538 2009 puniri.
611 1938 697 1991 Ad
748 1938 998 1991 ultimum
1052 1939 1117 1991 de
1155 1937 1421 2008 conjugiis
1438 1980 1451 2001 ,
1504 1955 1643 2006 quae
1680 1937 1928 2004 legitima
1978 1937 2090 1991 sint
2127 1940 2183 1991 et
2220 1955 2358 2005 quae
2395 1938 2642 2002 funesta,
2695 1938 3006 2005 designanS,

341 2019 609 2086 quomodo
648 2017 903 2089 conjungi
941 2017 1111 2086 aliqui
1149 2020 1206 2071 et
1242 2018 1506 2085 quomodo
1543 2017 1756 2088 possint
1791 2018 1882 2071 vel
1922 2018 2154 2071 debeant
2189 2017 2478 2087 separari.“

528 2101 543 2133 ¹
585 2098 720 2151 Item
759 2098 815 2150 in
852 2115 952 2151 sua
992 2100 1214 2150 Summa
1271 2097 1435 2167 (apud
1476 2099 1717 2156 Schulte.
1771 2098 1874 2150 Zur
1912 2097 2239 2152 Geschichte
2292 2098 2386 2150 der
2421 2097 2698 2151 Literatur
2735 2099 2869 2151 iiber
2907 2099 3005 2152 das

343 2178 547 2232 Decret
585 2177 857 2232 Gratiana
932 2177 1123 2232 Erster
1159 2177 1413 2245 Beitrag,
1472 2177 1528 2230 in
1579 2177 1695 2231 citt.
1749 2178 1931 2231 relatt.
1984 2194 2118 2231 sess.
2156 2181 2285 2231 tom.
2325 2177 2513 2230 LXIII.
2566 2196 2617 2247 p.
2660 2178 2804 2245 338.)
2826 2220 2838 2243 ,
2895 2178 3004 2242 ubi,

343 2262 634 2328 postquam
674 2259 739 2312 de
765 2257 1132 2311 subdivisione
1158 2257 1331 2327 partis
1368 2257 1574 2327 primae
1599 2257 1817 2311 Decreti
1858 2257 2097 2311 dixerat:
2144 2256 2412 2322 „Primam
2440 2257 2642 2322 divisit,
2680 2261 2742 2311 ut
2780 2258 3002 2326 quidam

349 2339 523 2409 ajunt,
564 2341 903 2406 Paucapalea
942 2338 999 2390 in
1040 2337 1079 2391 C
1118 2341 1174 2391 et
1211 2339 1236 2390 1
1275 2337 1702 2402 distinctiones“,
1743 2339 1807 2391 de
1847 2338 2117 2391 secunda:
2182 2336 2565 2402 „Secundam“,
2603 2337 2795 2406 inquit,
2841 2338 3004 2403 „Gra-

344 2418 532 2473 tianus
570 2418 626 2471 in
663 2417 897 2471 XXXVI
935 2436 1128 2471 causas
1165 2421 1220 2471 et
1257 2417 1450 2470 harum
1490 2417 1788 2485 quamlibet
1825 2417 1882 2470 in
1919 2419 2295 2485 quaestiones.“

531 2499 832 2566 Stephanus
876 2500 1228 2551 Tornacensis
1266 2497 1481 2565 quidem
1508 2497 1564 2550 in
1589 2515 1689 2551 sua
1718 2499 1939 2550 Summa
1970 2497 2138 2567 (apud
2165 2499 2393 2566 Schulte,
2431 2497 2532 2551 Die
2559 2496 2886 2552 Geschichte
2913 2499 3008 2552 der

347 2577 594 2644 Quellen,
627 2581 755 2631 tom.
784 2579 825 2631 Ι.
852 2596 903 2648 p.
932 2577 1101 2645 255),
1141 2579 1266 2631 dum
1293 2576 1717 2631 subdivisionem
1743 2577 1915 2647 partis
1941 2577 2160 2631 Decreti
2185 2577 2391 2647 primae
2416 2577 2473 2630 in
2503 2579 2599 2632 101
2632 2577 3008 2633 distinctiones

345 2677 608 2729 expresse
635 2657 895 2712 Gratiano
921 2656 1196 2722 adscribit,
1235 2661 1445 2727 partem
1470 2659 1764 2712 secundam
1800 2659 2183 2712 tandummodo
2210 2658 2275 2712 de
2301 2659 2446 2713 facto
2472 2658 2529 2712 in
2553 2659 2785 2713 XXXVI
2813 2678 3008 2714 causas

346 2743 408 2793 et
443 2740 544 2793 has
581 2739 637 2792 in
676 2739 1020 2807 quaestiones
1059 2738 1323 2806 distingui
1359 2739 1528 2792 refert
1545 2781 1557 2802 ,
1608 2739 1760 2792 nulla
1799 2739 2047 2793 Gratiani
2083 2739 2356 2793 mentione
2393 2740 2570 2804 facta,
2617 2741 2824 2795 dicens:
2885 2741 3004 2805 „Se-

346 2821 528 2874 cunda
572 2819 743 2889 (pars)
787 2838 819 2873 a
857 2818 1029 2889 prima
1068 2837 1233 2872 causa
1271 2836 1444 2887 usque
1483 2821 1551 2873 ad
1588 2823 1883 2873 tractatum
1923 2820 1990 2873 (16
2016 2820 2419 2873 consecratione
2453 2821 2709 2890 procedit,
2750 2839 2888 2889 quae
2913 2840 3010 2891 per

344 2900 586 2954 XXXVI
635 2918 830 2953 causas
881 2899 1287 2967 quaestionibus
1338 2899 1452 2953 suis
1505 2899 1717 2953 decisas
1769 2902 2171 2967 distinquitur.“
2249 2900 2510 2954 Attamen
2561 2919 2631 2953 ex
2681 2900 2769 2954 his
2826 2902 3009 2956 verbis

348 2982 614 3049 Stephani
647 2983 998 3033 Tornacensis
1035 2997 1377 3047 nequaquam
1404 2979 1745 3033 inferendum
1785 2983 1887 3044 est,
1926 2997 2049 3033 eum
2074 2980 2345 3033 secundae
2370 2980 2543 3049 partis
2569 2981 3008 3047 subdivisionem,

347 3078 514 3129 quam
553 3078 737 3114 omnes
773 3060 970 3129 reliqui
1007 3059 1335 3113 unanimiter
1374 3059 1635 3113 Gratiano
1674 3060 2007 3124 adscribunt,
2048 3059 2221 3113 eidem
2248 3060 2560 3130 abjudicare
2598 3060 2851 3115 voluisse.
2911 3062 3010 3115 Cui

346 3140 578 3205 accedit,
631 3141 772 3209 quod
810 3143 1050 3194 Joannes
1087 3142 1447 3208 Faventinus,
1489 3139 1580 3207 qui
1616 3139 1674 3192 in
1712 3157 1812 3193 sua
1851 3142 2072 3193 Summa
2109 3158 2330 3210 prorsus
2371 3143 2638 3208 Stephano
2684 3144 3011 3195 Tornacensi

344 3221 602 3274 innititur
646 3221 764 3289 (cfr.
807 3222 1033 3289 Schulte,
1072 3220 1173 3273 Die
1212 3219 1540 3273 Geschichte
1580 3220 1674 3273 der
1702 3219 1941 3284 Quellen,
1979 3223 2108 3273 tom.
2148 3220 2188 3273 I.
2228 3239 2278 3290 p.
2310 3220 2474 3289 138.),
2513 3221 2652 3274 hanc
2690 3222 3009 3276 subdivisio·

345 3319 475 3354 116111
513 3300 685 3371 partis
723 3301 991 3354 secundae
1030 3318 1287 3369 expresse
1327 3299 1587 3353 Gratiano
1624 3298 1832 3352 tribuit.
1909 3299 2018 3352 cfr.
2062 3301 2273 3352 Schulte
2308 3299 2344 3352 l.
2385 3318 2430 3354 c.
2468 3319 2520 3370 p.
2560 3302 2644 3353 51.
2684 3305 2793 3355 not.
2834 3303 2882 3356 8.

535 3392 555 3425 ²
591 3389 680 3443 Sic
717 3408 769 3443 v.
810 3407 863 3457 g.
901 3389 958 3443 in
997 3388 1142 3442 dicto
1180 3389 1281 3442 sub
1317 3388 1479 3441 finem
1518 3405 1563 3441 c.
1607 3388 1691 3441 16.
1732 3387 1789 3441 C.
1824 3388 1969 3442 XVI.
2010 3405 2098 3457 qu.
2142 3389 2187 3441 1.
2229 3383 2502 3442 decretum
2543 3390 2737 3459 synodi
2774 3389 3008 3444 Triburi-

347 3469 500 3524 ensis
538 3487 586 3523 a.
613 3470 734 3534 895,
771 3470 828 3522 in
866 3469 955 3523 cit.
996 3487 1040 3522 6.
1072 3470 1155 3522 16.
1183 3487 1212 3522 6
1238 3471 1391 3537 parte
1419 3468 1733 3535 allegatum,
1771 3467 1824 3521 in
1866 3486 1910 3521 c.
1939 3469 1986 3522 6.
2030 3467 2086 3521 C.
2114 3468 2259 3521 XIII.
2300 3486 2388 3536 (111.
2418 3469 2465 3522 2.
2507 3473 2686 3522 autem
2725 3469 2881 3539 plene
2919 3472 3010 3524 ad-

349 3551 605 3614 ductum,
657 3549 793 3603 citat
830 3567 990 3603 voce:
1049 3558 1224 3617 caput.
1266 3580 1331 3587 —
1371 3548 1432 3600 In
1471 3548 1614 3602 dicto
1651 3549 1722 3601 ad
1759 3566 1805 3601 6.
1846 3548 1930 3602 20.
1986 3547 2043 3601 C.
2083 3548 2228 3601 XVI.
2283 3566 2370 3616 qu.
2414 3550 2459 3602 1.
2515 3549 2789 3603 decretum
2827 3550 3011 3620 Papae

356 3633 566 3683 Gelasii
603 3632 648 3683 I.
687 3647 734 3683 a.
775 3629 909 3694 494,
947 3628 1003 3681 111
1042 3647 1086 3682 6.
1126 3628 1224 3681 1111.
1263 3629 1326 3682 D.
1366 3628 1636 3682 LXXVII.
1677 3628 2015 3692 collocatum,
2055 3628 2190 3681 citat
2227 3646 2387 3681 voce:
2442 3632 2751 3698 capitulum,
2797 3630 3009 3685 dicens:

355 3710 544 3776 „Sicut
578 3709 855 3763 invenitur
890 3709 947 3762 in
984 3708 1221 3779 capitulo
1258 3708 1380 3762 illo:
1421 3710 1719 3761 Monachus
1755 3711 2032 3761 novitius.“
2065 3737 2134 3745 —
2160 3708 2327 3762 Porro
2365 3708 2422 3761 in
2459 3709 2491 3775 ἕ
2520 3712 2679 3762 Hanc
2715 3713 3009 3765 distinctio-

346 3810 488 3845 nem.
527 3791 577 3844 2.
618 3790 748 3844 dicti
783 3790 870 3844 sui
906 3793 1030 3859 post
1068 3808 1111 3842 c.
1140 3790 1224 3842 24.
1266 3789 1321 3843 C.
1362 3789 1454 3842 XI.
1495 3807 1582 3856 qu.
1624 3789 1672 3842 3.
1715 3790 1817 3842 duo
1856 3789 2074 3841 decreta
2112 3788 2295 3859 Papae
2334 3792 2569 3843 Joannis
2606 3793 2756 3844 VIII.
2804 3791 2930 3859 (872
2957 3811 3008 3846 u.

348 3873 423 3926 ad
462 3871 589 3939 882)
632 3870 689 3923 111
726 3888 770 3923 6.
813 3870 895 3924 12.
936 3869 993 3923 C.
1028 3870 1122 3922 III.
1162 3886 1251 3937 qu.
1290 3870 1342 3922 4.
1381 3872 1437 3922 et
1471 3867 1528 3921 in
1566 3886 1611 3922 c.
1640 3869 1726 3922 21.
1766 3868 1799 3935 ξ
1826 3869 1874 3922 3.
1916 3868 1972 3922 Ο.
2000 3869 2172 3922 XVII.
2214 3887 2301 3937 qu.
2329 3871 2379 3922 4.
2421 3870 2614 3940 posita,
2652 3889 2751 3924 nec
2790 3889 2895 3925 non
2932 3872 3009 3925 in—

348 3951 494 4005 certi
529 3950 766 4004 auctoris
804 3950 1041 4014 effatum,
1079 3949 1136 4002 in
1175 3967 1220 4002 6.
1247 3949 1298 4001 2.
1340 3948 1395 4002 C.
1436 3949 1502 4002 V.
1544 3966 1631 4017 qu.
1659 3949 1710 4001 2.
1749 3966 2030 4018 perperam
2069 3950 2169 4002 sub
2207 3949 2421 4003 nomine
2459 3950 2641 4020 Papae
2683 3953 2939 4018 Sylvestri
2964 3955 3008 4007 Ι.

355 4031 688 4099 (314—335)
730 4030 993 4093 relatum,
1044 4028 1180 4083 citat
1216 4046 1377 4082 voce:
1430 4031 1741 4081 auctoritas.
1783 4058 1850 4066 —-
1887 4029 1951 4081 In
2001 4047 2078 4098 pr.
2134 4028 2264 4082 dicti
2313 4032 2438 4099 post
2487 4047 2532 4083 6.
2576 4031 2656 4083 11.
2710 4031 2773 4084 D.
2813 4031 3010 4085 XXXI.

348 4114 578 4166 effatum
605 4113 659 4164 S.
694 4113 947 4176 Greyorii
970 4110 1065 4178 M„
1103 4108 1158 4161 in
1196 4126 1241 4162 c.
1273 4109 1353 4163 18.
1393 4109 1457 4162 D.
1486 4108 1710 4161 XXXII.
1738 4108 1990 4178 positum,
2029 4109 2166 4162 citat
2189 4127 2352 4162 voce:
2391 4111 2546 4178 illud,
2586 4109 2795 4164 dicens:
2842 4111 3012 4175 „Hinc

349 4195 412 4246 et
448 4191 584 4245 illud
610 4189 886 4258 Gregorii:
928 4191 1208 4256 Presbyter
1246 4190 1514 4257 quidam.“
1571 4187 1788 4241 Pariter
1821 4188 1878 4241 in
1904 4189 1936 4255 ξ
1963 4191 2276 4257 Aliquando
2315 4193 2470 4242 enim.
2514 4190 2558 4243 1.
2600 4190 2730 4243 dicti
2767 4191 2852 4244 sui
2890 4195 3014 4261 post

347 4291 401 4326 6.
429 4272 515 4324 24.
556 4271 613 4324 C.
639 4270 732 4324 XI.
773 4288 861 4338 qu.
889 4270 938 4323 3.
966 4269 1202 4333 effatum,
1244 4271 1297 4322 S.
1328 4271 1590 4337 Prospero
1619 4271 1894 4337 Aquitano
1934 4267 2268 4338 adscriptum
2299 4268 2509 4337 (utique
2534 4270 2689 4333 false,
2731 4288 2894 4338 quum
2922 4290 3011 4342 po·

347 4352 467 4406 tius
504 4350 587 4405 sit.
615 4353 837 4404 Juliani
876 4352 1112 4402 Pomerii
1128 4390 1144 4418 ,
1203 4348 1509 4418 presbyteri
1547 4347 1723 4412 Galli,
1777 4348 1869 4417 qui
1906 4366 2100 4402 versus
2139 4349 2299 4402 finem
2352 4366 2494 4403 saec.
2533 4349 2600 4403 V.
2648 4349 2858 4415 floruit;
2912 4352 3009 4406 cfr.

349 4433 596 4501 Fessler,
653 4429 1028 4484 Institutiones
1065 4428 1358 4495 Patrolog.,
1396 4432 1524 4481 tom.
1564 4428 1631 4481 II.
1671 4446 1723 4498 p.
1766 4429 1884 4483 788.
1923 4432 2033 4483 1101.
2074 4446 2133 4492 a;
2186 4431 2407 4482 Richter
2445 4429 2512 4482 ad
2551 4447 2596 4483 6.
2636 4430 2721 4483 31.
2760 4431 2824 4483 D.
2865 4431 2904 4485 I.
2946 4432 3011 4485 de

348 4511 554 4583 poenit.
593 4513 702 4564 not.
746 4509 910 4577 109.),
949 4512 1005 4563 61
1041 4508 1096 4561 111
1135 4526 1179 4562 6.
1209 4509 1294 4562 32.
1333 4508 1397 4561 D.
1437 4509 1477 4561 Ι.
1519 4508 1584 4560 (16
1623 4507 1821 4577 poenit.
1860 4509 2110 4573 relatum,
2149 4508 2285 4562 citat
2320 4526 2483 4562 voce:
2525 4511 2677 4562 illud.
2751 4510 2919 4564 Porro
2955 4512 3013 4565 in

349 4592 485 4647 dict.
525 4592 608 4645 ad.
649 4608 694 4644 c.
734 4591 819 4644 20.
858 4590 921 4643 D.
962 4589 1053 4642 IV.
1096 4589 1160 4641 (16
1199 4606 1343 4642 60118.
1385 4588 1661 4641 decretum
1699 4588 1882 4658 Papae
1921 4591 2128 4642 Urbani
2165 4591 2238 4641 ΙΙ.
2283 4588 2511 4654 (1088-
2526 4589 2685 4656 1099)
2712 4632 2724 4653 ,
2780 4589 2837 4643 111
2875 4609 2920 4644 6.
2959 4594 3010 4645 4.

351 4672 414 4726 C.
454 4671 626 4725 XXX.
681 4688 767 4738 qu.
809 4670 857 4723 3.
910 4668 1146 4739 positum
1164 4710 1177 4733 ,
1228 4667 1548 4738 simpliciter
1586 4667 1792 4734 allegat
1837 4667 1924 4721 his
1976 4668 2181 4722 verbis:
2241 4668 2426 4733 „Unde
2463 4669 2717 4723 Urbanus
2754 4670 2906 4741 Papa
2942 4672 3013 4725 II.

350 4754 535 4820 Super
571 4752 762 4820 quibus
799 4751 1091 4803 consulum
1137 4751 1239 4802 616.

2514 4833 2601 4888 3*
