3355 5328
409 296 514 352 238
1012 297 1318 369 AppendiX.
1394 298 1728 354 Introductio
1765 296 1821 350 in
1859 295 2016 367 Corp.
2051 296 2159 366 jur.
2200 296 2305 350 civ,
2343 314 2475 350 rom.

404 457 572 524 blice
617 458 1043 541 pronuntiare
1094 481 1209 525 seu
1260 461 1501 525 edicere
1545 460 1849 524 solebant
1866 508 1880 536 ,
1944 479 2074 541 qua
2128 457 2387 523 ratione
2434 457 2501 521 in
2548 456 2746 523 certis
2789 456 3078 539 negotiis

407 554 508 620 sui
565 556 854 621 muneris
917 561 1137 623 essent
1198 556 1569 641 processuri
1630 561 1699 623 et
1738 555 2115 641 judicaturi.
2211 555 2285 620 Id
2331 554 2545 638 ipsum
2601 555 2673 620 in
2719 553 3079 638 provinciis

402 654 819 720 Proconsules
867 658 935 720 et
981 656 1437 740 Propraetores
1482 654 1836 720 faciebant.
1926 651 2300 736 Cujusmodi
2344 651 2644 735 publicae
2688 652 3078 735 pronuntia-

404 750 620 816 tiones
665 752 1177 833 magistratuum
1225 753 1732 836 appellabantur
1781 754 2014 834 edicta,
2066 754 2134 815 et
2179 750 2650 816 Proconsulum
2697 749 2959 832 quidem
3006 754 3078 816 et

405 848 917 932 Propraetorum
962 850 1030 914 in
1078 850 1297 934 specie
1347 853 1552 916 edicta
1588 852 2038 935 provincialia.
2134 847 2421 924 Quorum
2482 847 2845 913 edictorum
2895 869 3078 913 com-

405 946 656 1029 plexus,
706 946 859 1030 quia
904 947 1048 1030 ipsa
1087 948 1394 1014 videlicet
1426 969 1466 1012 a
1511 947 1828 1031 personiS,
1873 949 2137 1012 honores
2169 945 2631 1026 (Ehrenstelle,
2679 946 3077 1028 Ehrenamt)

405 1045 804 1126 gerentibuS,
839 1046 1332 1129 proveniebant,
1353 1049 1469 1130 jus
1502 1047 1917 1110 honorarium
1944 1044 2300 1121 dicebatur,
2338 1043 2488 1108 dum
2523 1065 2747 1108 omnes
2779 1042 3077 1126 reliquae

404 1146 628 1225 partes
655 1143 821 1226 juris
854 1143 1107 1208 romani
1141 1143 1334 1209 simul
1367 1148 1669 1226 sumptae
1689 1146 1805 1228 jus
1830 1145 2007 1209 civile
2030 1164 2224 1207 sensu
2258 1142 2575 1207 strictiori
2599 1142 3010 1207 vocabantur
3030 1141 3073 1207 ¹.

582 1241 674 1306 Et
698 1242 870 1323 quod
896 1241 1155 1324 quidem
1178 1241 1246 1306 in
1271 1241 1487 1324 specie
1513 1241 1598 1306 ad
1621 1242 1957 1306 Praetores
1990 1240 2252 1319 attinet,
2286 1239 2353 1304 hi
2371 1241 2506 1324 jam
2533 1239 2719 1305 initio
2744 1239 2919 1318 anni,
2953 1260 3078 1322 per

406 1358 597 1420 quem
642 1360 877 1403 munus
910 1360 1098 1404 suum
1132 1339 1311 1403 obire
1346 1339 1691 1416 debebant,
1740 1339 1807 1403 in
1842 1339 1988 1404 alba
2019 1338 2246 1405 tabula
2276 1338 2497 1419 lignea
2543 1336 2637 1418 (in
2670 1336 2855 1420 albo),
2904 1337 3073 1415 loce,

404 1434 515 1500 ubi
562 1436 641 1500 de
686 1437 883 1519 plano
929 1438 1062 1518 legi
1093 1440 1378 1520 poterat,
1429 1458 1749 1521 suspensa
1775 1434 1820 1515 ²,
1871 1437 2232 1515 edicebant,
2283 1457 2412 1518 qua
2443 1435 2700 1501 ratione
2737 1457 2855 1518 per
2885 1435 3075 1500 illum

404 1555 647 1599 annum
693 1534 1046 1600 functionis
1094 1555 1252 1600 suae
1293 1536 1400 1618 jus
1434 1534 1669 1600 dicturi
1719 1538 1973 1611 essent3
2025 1534 2196 1616 quod
2243 1533 2527 1599 edictum
2574 1533 2847 1617 proinde
2896 1533 3074 1599 dice-

403 1632 598 1696 batur
643 1632 944 1697 Edietum
979 1641 1327 1717 perpetuae
1368 1635 1849 1717 jurisdictionis
1896 1655 2095 1697 causa
2152 1634 2548 1718 propositum
2611 1632 2720 1696 vel
2767 1632 3073 1697 Edictum

393 1738 771 1814 perpetuum
799 1730 841 1796 ³.
936 1730 1074 1807 Quo
1122 1731 1380 1813 quidem
1427 1730 1496 1795 in
1543 1730 1758 1796 edicto
1805 1730 2157 1796 Praetores
2204 1751 2323 1813 pro
2386 1729 2732 1794 commissa
2779 1729 2903 1794 sibi
2949 1751 3072 1813 po-

403 1830 651 1892 testate
695 1827 940 1910 partim
979 1828 1144 1912 juris
1177 1827 1385 1892 civilis
1416 1829 1687 1893 lacunas
1721 1828 2096 1911 explebant,
2145 1827 2390 1911 partim
2422 1828 2562 1910 ejus
2599 1827 3072 1893 obscuritatem

405 1924 847 2003 declarabant,
896 1926 1136 2008 partim
1184 1947 1342 1991 vero
1389 1926 1593 2009 ipsius
1638 1926 1946 1992 duritiam
1995 1930 2063 1991 et
2109 1926 2396 2007 rigorem
2442 1925 2840 2007 mitigabant
2886 1922 3071 2009 (sup-

402 2022 622 2105 plendi
641 2073 655 2101 ,
705 2023 1059 2105 adjuvandi
1106 2027 1173 2089 et
1221 2023 1590 2105 corrigendi
1631 2023 1798 2106 juris
1846 2023 2056 2088 civilis
2106 2024 2325 2105 gratia
2372 2023 2744 2106 edicebant)
2763 2073 2776 2100 ,
2841 2044 3071 2105 quem-

404 2121 752 2185 admodum
810 2121 878 2185 id
936 2121 1178 2187 rationi
1237 2125 1604 2205 temporum
1664 2120 2015 2205 populique
2076 2121 2366 2186 moribus
2428 2124 2496 2187 et
2561 2120 2848 2204 opinioni
2913 2142 3069 2187 con-

403 2218 628 2283 venire
674 2219 1016 2302 putabant.
1111 2220 1345 2302 Neque
1390 2223 1616 2285 tamen
1679 2219 2122 2302 unusquisque
2168 2219 2557 2286 Praetorum
2616 2218 2948 2302 peculiare
2999 2223 3070 2285 et

404 2337 645 2380 novum
693 2315 978 2383 edictum
1016 2319 1458 2401 proponebat3
1508 2318 1624 2382 sed
1669 2317 1862 2382 multi
1900 2339 2126 2382 eorum
2170 2317 2351 2396 illud,
2403 2317 2574 2399 quod
2606 2338 2646 2381 a
2677 2317 3068 2400 praedeces-

404 2413 658 2479 soribus
705 2414 839 2479 suis
884 2415 1244 2497 prudenter
1290 2420 1357 2481 et
1405 2415 1759 2481 salubriter
1805 2415 2090 2481 edictum
2138 2419 2618 2496 cognoverant,
2682 2414 3070 2498 simpliciter

404 2516 920 2594 acceptaverunt
966 2517 1035 2578 et
1083 2514 1359 2579 durante
1389 2534 1660 2578 munere
1693 2534 1811 2578 suo
1846 2514 2321 2590 observabant3
2372 2512 2730 2597 cujusmodi
2778 2512 3067 2579 edictum

404 2611 794 2675 tralaticium
841 2611 1244 2694 appellatum
1296 2614 1400 2677 est
1425 2612 1469 2678 ⁴.

580 2708 763 2785 Quod
810 2709 1093 2775 edictum
1140 2709 1563 2793 praetorium,
1617 2732 1811 2775 cursu
1855 2710 2171 2793 temporis
2219 2731 2259 2775 a
2299 2708 2784 2793 jurisconsultis
2833 2710 3066 2793 expla-

402 2809 630 2871 natum
678 2811 745 2873 et
791 2828 914 2871 usu
963 2809 1476 2891 comprobatum,
1519 2809 1792 2891 jubente
1823 2809 2231 2891 Imperatore
2264 2809 2614 2874 Hadriano
2652 2805 3067 2890 (117—138)

403 2925 443 2968 a
489 2905 702 2969 Salvio
749 2905 1036 2989 Juliano,
1084 2905 1325 2988 insigni
1365 2904 1831 2989 jurisconsulto
1881 2911 1949 2972 et
1994 2906 2345 2984 Praetore,
2396 2906 2812 2971 emendatum
2863 2908 3067 2988 atque

401 3000 469 3064 in
516 3022 875 3083 congruum
905 3004 1099 3086 praxi
1137 3003 1528 3087 judiciariae
1556 3004 1849 3068 ordinem
1880 3004 2241 3082 redactum,
2293 3025 2351 3069 a.
2393 3007 2515 3068 131
2552 3008 2791 3085 agente
2832 3003 3066 3069 eodem

400 3099 804 3181 Imperatore
849 3101 1187 3166 Hadriano
1249 3101 1516 3185 speciali
1578 3103 2149 3167 senatusconsulto
2212 3103 2647 3185 approbatum
2695 3105 2764 3167 et
2824 3101 3065 3167 stabile

399 3217 478 3262 ac
522 3197 927 3263 immutabile
974 3198 1224 3264 factum
1273 3220 1350 3264 ac
1408 3198 1576 3281 legis
1638 3200 2037 3265 auctoritate
2096 3199 2422 3266 munitum
2478 3203 2599 3265 est.
2694 3198 2832 3274 Quo
2880 3198 3064 3265 facto

397 3294 611 3378 ipsum
659 3296 1063 3361 celeberrimi
1102 3297 1552 3380 jurisconsulti
1591 3297 2077 3363 commentariis
2124 3298 2456 3363 illustrare
2503 3297 2913 3376 studuerunt,
2963 3297 3066 3363 uti

398 3393 782 3459 nominatim
839 3396 1093 3460 Salvius
1139 3396 1448 3461 Julianus
1508 3396 1648 3479 ipse
1710 3400 1910 3477 atque
1955 3398 2277 3462 Domitius
2322 3396 2670 3480 Ulpianus,
2734 3394 2845 3477 qui
2889 3399 3064 3461 tem-

397 3491 662 3574 poribus
694 3493 1116 3576 Imperatoris
1147 3496 1511 3559 Alexandri
1544 3496 1758 3559 Severi
1790 3491 2199 3577 (222—235)
2238 3493 2480 3572 floruit,
2531 3493 2770 3575 aliique
2801 3494 2996 3560 multi
3013 3493 3062 3561 ⁵.

1208 3702 1247 3789 ξ
1294 3700 1354 3771 8.
1414 3703 1798 3771 Auctoritas
1845 3702 2263 3791 prudentum.

579 3870 708 3935 Sub
757 3872 1186 3955 prudentibus
1245 3872 1390 3937 heic
1447 3872 1941 3954 intelliguntur,
2003 3872 2113 3955 qui
2174 3873 2337 3938 alias
2371 3875 2895 3959 jurisprudentes
2949 3873 3064 3936 vel

384 3970 828 4053 jurisconsulti
876 3969 1198 4036 dicuntur.

574 4065 783 4142 Quum
831 4068 1002 4150 apud
1048 4068 1380 4133 Romanos
1429 4071 1509 4134 ab
1555 4069 1742 4134 initio
1805 4069 2014 4133 omnis
2075 4067 2351 4134 scientia
2391 4069 2558 4153 juris
2616 4089 2818 4152 penes
2880 4068 3060 4133 solos

387 4167 727 4250 patricios,
791 4169 859 4230 et
904 4165 973 4229 in
1019 4165 1234 4249 specie
1280 4188 1482 4250 penes
1530 4170 1851 4252 eolleyium
1898 4168 2277 4251 Pontificum
2295 4219 2314 4250 ,
2365 4167 2466 4231 cui
2522 4188 2680 4232 cura
2725 4188 3060 4231 sacrorum

576 4370 593 4403 1
631 4370 959 4438 Macheldey,
997 4369 1284 4422 Lehrbuch
1324 4371 1418 4424 des
1456 4376 1588 4424 rom.
1628 4368 1851 4434 Rechts,
1890 4387 1941 4439 p.
1981 4369 2066 4423 29.
2107 4369 2139 4437 ἓ
2180 4369 2294 4433 32.;
2333 4387 2386 4439 Ρ.
2426 4369 2511 4422 30.
2550 4370 2660 4421 not.
2701 4385 2779 4421 ce.

573 4449 592 4481 ²
630 4451 867 4519 Krityer,
908 4448 1237 4504 Geschichte
1276 4451 1371 4504 der
1408 4450 1636 4516 Quellen
1672 4451 1783 4503 und
1820 4449 2123 4503 Litteratur
2161 4450 2257 4503 des
2293 4456 2426 4502 rom.
2464 4448 2686 4513 Rechts,
2724 4467 2775 4518 p.
2815 4448 2900 4502 39.

574 4530 594 4563 ³
631 4531 943 4598 Maelcelcley
978 4530 1014 4584 1.
1055 4547 1100 4583 c.
1140 4548 1192 4600 p.
1232 4531 1318 4585 28.
1359 4531 1390 4598 ξ
1430 4532 1514 4586 31.
1698 4532 1723 4565 4
1759 4531 2072 4598 Macheldey
2107 4530 2146 4583 l.
2184 4548 2229 4583 c.
2269 4548 2321 4599 p.
2361 4529 2447 4603 27.
2487 4546 2607 4597 sqq.
2648 4528 2680 4595 ἓ
2719 4527 2968 4582 30.-32.

575 4609 594 4642 ⁵
631 4610 941 4678 Maekeleley
978 4610 1013 4663 1.
1054 4628 1099 4664 c.
1127 4629 1178 4680 Ρ.
1208 4611 1292 4665 39.
1322 4611 1354 4678 ἕ
1379 4612 1496 4675 42.;
1535 4614 1751 4680 Veriny,
1792 4609 2120 4665 Geschichte
2145 4610 2256 4663 und
2281 4609 2602 4665 Pandekten
2628 4609 2722 4662 des
2746 4607 3057 4661 romischen

391 4687 501 4820 {md
551 4688 810 4823 ὴθιιέιίῗθῐι
860 4689 1144 4757 gemeinen
1196 4690 1604 4756 Privatrechts,
1658 4692 1741 4745 ed.
1780 4691 1847 4745 V.
1887 4691 2133 4757 Mogunt.
2176 4690 2343 4754 1887,
2394 4708 2445 4760 p.
2500 4690 2584 4743 36.
2624 4706 2775 4757 sqq.;
2833 4690 3059 4756 Krityer

417 4809 428 4820 .
468 4785 514 4820 c.
553 4785 605 4837 p.
721 4810 730 4822 .
771 4787 890 4839 sqq.
