3355 5328
423 330 495 383 94
1224 327 1362 382 Pars
1399 327 1466 380 H.
1520 326 1879 381 collectiones
1918 324 2287 379 decretalium.

420 490 489 555 in
519 491 874 556 Decretum
919 488 1169 555 referre
1218 482 1531 554 omiserat
1560 484 1601 564 ¹,
1649 486 1720 551 in
1763 486 1933 552 hanc
1978 482 2430 551 collectionem
2473 477 2723 562 recepit
2767 475 2987 558 ibique
3015 473 3080 538 in

422 588 525 654 tit.
576 587 843 653 XXVII.
895 608 1036 671 cap.
1088 588 1148 652 5.
1198 584 1547 652 collocavit
1572 581 1619 652 ².

1217 792 1256 879 ξ
1305 790 1401 860 57.
1495 792 1806 861 collectio
1850 790 2209 880 Lipsiensis
2232 786 2278 854 ³.

602 972 912 1039 Collectio
973 973 1104 1040 ista
1164 973 1316 1040 inde
1374 993 1611 1039 nomen
1670 972 1904 1050 habet,
1967 968 2119 1052 quia
2176 967 2245 1033 in
2305 963 2525 1032 codice
2578 982 2698 1027 1118.
2758 956 2850 1040 (11.
2911 953 3086 1037 975.)

421 1070 855 1137 bibliothecae
887 1071 1362 1138 Universitatis
1393 1072 1754 1157 Lipsiensis
1795 1069 2059 1134 detecta
2105 1070 2228 1144 est,
2275 1061 2582 1129 videlicet
2628 1081 2669 1125 a
2712 1055 3090 1142 professore

415 1168 582 1251 juris
628 1168 897 1233 Aemilio
945 1170 1266 1235 Ludovico
1312 1170 1588 1234 Richter.
1679 1166 1912 1233 Divisa
1955 1169 2061 1232 est
2105 1164 2175 1229 in
2221 1163 2305 1228 65
2352 1161 2603 1237 titulos,
2652 1151 3091 1241 peculiaribus

422 1268 700 1332 rubricis
725 1265 752 1303 ⁴
797 1266 1156 1333 instructos
1175 1316 1189 1345 ‚
1249 1266 1359 1349 qui
1405 1265 1726 1333 subdivisi
1770 1269 1926 1332 sunt
1968 1263 2037 1328 in
2084 1260 2303 1346 capita
2319 1309 2335 1339 ,
2383 1254 2761 1324 summatim
2808 1254 2943 1318 632
2963 1299 2979 1329 ,
3028 1252 3092 1315 et

606 1452 621 1483 ¹
664 1448 774 1503 cfr.
813 1467 979 1519 supra
1017 1468 1067 1519 p.
1108 1450 1193 1505 58.

606 1529 626 1562 ²
668 1528 777 1583 Cfr.
817 1531 1115 1597 Friedbery
1152 1530 1220 1583 ad
1258 1547 1303 1583 c.
1343 1528 1394 1582 2.
1433 1528 1499 1582 X.
1540 1528 1606 1582 de
1643 1527 1842 1597 sepult.
1882 1526 1976 1580 III.
2015 1525 2101 1579 28.
2139 1526 2250 1577 not.
2293 1522 2341 1575 1.

605 1609 627 1644 ⁸
662 1610 912 1678 Richter,
958 1609 1039 1662 De
1089 1609 1294 1663 inedita
1332 1607 1686 1662 decretalium
1736 1606 2052 1662 coUectione
2089 1601 2375 1673 Lipsiensi.
2450 1599 2596 1670 Lips.
2639 1596 2808 1659 1836;
2865 1594 3095 1683 Schulfe,

423 1688 650 1756 Beitrag
687 1706 782 1742 zur
821 1688 1148 1743 Geschichte
1187 1689 1283 1743 (188
1320 1706 1508 1743 canon.
1547 1687 1753 1742 Rechts
1790 1704 1898 1741 von
1937 1684 2166 1740 Gratian
2204 1682 2286 1736 bis
2323 1680 2424 1735 auf
2444 1677 2726 1733 Bernhard
2765 1692 2878 1728 von
2905 1673 3094 1735 Pana,

424 1768 482 1821 in
519 1767 634 1822 citt.
673 1767 855 1822 relatt.
894 1785 1028 1822 sess.
1082 1770 1210 1821 tom.
1250 1767 1466 1822 LXXII.
1516 1786 1567 1837 p.
1602 1768 1728 1822 491.
1767 1783 1918 1835 sqq.;
1975 1767 2124 1819 Idem
2137 1805 2152 1833 ,
2205 1761 2308 1816 Die
2346 1758 2676 1839 Geschichte
2714 1757 2812 1810 der
2850 1752 3097 1819 Quellen‚

425 1851 556 1902 tom.
596 1848 636 1901 I.
676 1865 728 1918 p.
769 1848 853 1902 78.
3061 1881 3067 1886 -

605 1929 630 1963 4
667 1927 817 1993 Quae
853 1927 1101 1981 rubricae
1139 1931 1284 1996 sunt,
1323 1931 1385 1982 ut
1421 1927 1691 1996 sequiter:
1748 1927 1794 1980 1.
1834 1926 1914 1979 ΒΘ
1951 1922 2181 1979 8111101118
2195 1964 2208 1988 ,
2248 1924 2305 1976 et
2339 1938 2409 1975 ne
2446 1934 2656 1973 merces
2694 1932 2791 1987 pro
2831 1911 3100 1968 ecclesiae

425 2007 831 2062 consecratione
882 2007 1194 2076 requiratur
1230 2006 1319 2060 vel
1359 2025 1455 2077 pro
1492 2006 1905 2060 monachatione
1942 2002 2207 2058 ecclesiae
2244 2000 2336 2056 vel
2390 2017 2488 2070 pro
2526 1993 2892 2052 sacramentis
2932 1990 3101 2082 eccle·

424 2087 540 2142 siae
555 2129 569 2152 ‚
609 2091 665 2142 et
701 2088 844 2156 quod
882 2087 1181 2157 apostolica
1219 2086 1388 2141 Sedes
1425 2087 1631 2156 absque
1668 2085 1898 2140 simonia
1935 2082 2112 2154 possit
2147 2080 2413 2136 investire
2452 2079 2518 2133 de
2554 2077 2731 2148 prima
2767 2075 3013 2129 vacante
3048 2087 3106 2147 111

425 2167 671 2221 ecclesia.
749 2167 798 2222 2.
850 2167 932 2221 Ne
982 2166 1216 2236 praelati
1252 2167 1404 2222 vices
1455 2184 1586 2221 suas
1622 2167 1724 2220 sub
1763 2182 1939 2220 annuo
1989 2162 2164 2234 pretio
2216 2160 2340 2215 aliis
2392 2158 2740 2214 committant
2789 2155 2867 2209 ad
2905 2167 3103 2207 causas

423 2247 796 2302 terminandas
812 2290 825 2312 ,
872 2247 964 2301 vel
1000 2247 1101 2301 sub
1139 2265 1316 2301 annuo
1366 2246 1541 2317 pretio
1587 2244 1897 2316 presbyteri
1946 2244 2017 2299 ad
2063 2241 2417 2297 ecclesiarum
2467 2238 2714 2306 regimen
2764 2235 3102 2294 statuantur,

425 2327 556 2382 licet
593 2326 825 2382 ecclesia
861 2327 963 2380 sub
1002 2344 1179 2380 annuo
1218 2344 1385 2380 censu
1424 2326 1542 2380 dari
1577 2325 1768 2396 possit.
1845 2325 1893 2379 3.
1948 2323 2030 2378 Ne
2069 2321 2276 2391 aliquid
2314 2320 2574 2388 exigatur
2609 2335 2707 2388 pro
2744 2312 2980 2370 licentia
3018 2312 3105 2401 (10·

425 2407 599 2461 0811111.
673 2407 725 2460 4.
764 2406 845 2460 Ne
898 2406 1081 2460 clerici
1117 2406 1326 2461 illicitis
1365 2405 1741 2460 exactionibus
1791 2404 1882 2459 vel
1917 2402 2101 2458 talleis
2138 2404 2440 2464 vexentur;
2496 2416 2566 2452 ne
2618 2394 2806 2451 clerici
2842 2392 2943 2448 vel
2980 2390 3106 2482 18101

426 2487 739 2557 pecuniaria
793 2486 1143 2540 mulctentur.
1219 2488 1268 2539 5.
1323 2486 1403 2539 De
1456 2484 1797 2555 pactionibus
1852 2483 2021 2538 licitis
2077 2481 2167 2536 vel
2222 2479 2435 2535 illicitis
2488 2479 2548 2532 in
2596 2478 2763 2531 rebus
2814 2473 3102 2529 ecclesiae.

426 2567 477 2620 6.
520 2565 790 2620 Clericum
828 2566 945 2619 sine
984 2565 1309 2619 auctoritate
1348 2565 1588 2635 episcopi
1622 2582 1732 2618 non
1766 2581 1927 2634 posse
1965 2561 2295 2617 constituere
2353 2558 2642 2613 ecclesiam
2679 2573 2842 2610 suam
2880 2567 3104 2608 censua-

426 2646 566 2700 riam
583 2689 595 2710 ,
632 2645 724 2699 vel
761 2645 1046 2700 ecclesiam
1086 2662 1350 2716 occupare
1367 2686 1381 2710 ,
1426 2644 1518 2699 vel
1554 2644 1611 2698 in
1649 2644 1817 2699 alium
1853 2643 2152 2699 transferre
2190 2641 2259 2695 ad
2297 2639 2613 2696 evitandam
2650 2631 3104 2692 controversiam.

431 2727 479 2779 7.
519 2725 601 2779 ΒΘ
637 2724 748 2779 11118
765 2768 777 2789 ,
831 2725 924 2793 qui
960 2725 1208 2779 incidunt
1242 2724 1300 2777 in
1337 2742 1596 2778 canonem
1647 2726 1809 2780 datae
1847 2723 2150 2779 sententiae
2167 2764 2181 2787 ,
2227 2720 2321 2774 vel
2356 2719 2597 2775 incidere
2635 2717 2901 2771 videntur
2917 2757 2932 2780 ,
2986 2728 3106 2768 cum

427 2823 536 2859 non
572 2805 838 2869 incidant3
879 2807 937 2858 et
974 2805 1068 2873 qui
1105 2807 1233 2858 sunt
1270 2805 1340 2858 ad
1365 2804 1561 2859 Sedem
1584 2805 1939 2876 apostolicam
1962 2799 2373 2858 transmittendi
2397 2818 2494 2871 pro
2520 2796 2883 2853 absolutione.
2950 2795 3003 2849 8.
3028 2791 3106 2846 De

427 2884 736 2955 raptoribus
787 2888 843 2937 et
879 2884 1234 2938 violatoribus
1281 2884 1635 2940 ecclesiarum
1682 2885 2004 2954 quandoque
2060 2883 2227 2938 etiam
2264 2884 2387 2952 post
2424 2877 2756 2934 sententiam
2793 2875 3105 2943 negandam

428 2964 767 3033 sepulturam
792 2964 1220 3018 ecclesiasticam
1252 2964 1524 3032 (neganda
1549 2964 1831 3034 sepultura
1856 2962 2229 3018 ecclesiastica
2243 2961 2319 3031 P),
2357 2959 2466 3014 nisi
2490 2958 2765 3013 satisdent
2803 2957 2873 3010 de
2914 2956 3105 3009 damno

429 3044 728 3098 sarciendo.
803 3045 854 3097 9.
892 3044 973 3097 De
1023 3044 1220 3098 usuris.
1297 3045 1382 3099 10.
1434 3044 1515 3097 De
1564 3061 1739 3114 poena
1788 3062 1885 3114 pro
1936 3042 2141 3097 enormi
2190 3040 2417 3095 crimine
2465 3037 2821 3110 injungenda.
2904 3036 2991 3089 11.
3030 3034 3106 3087 De

431 3124 766 3193 depositione
804 3123 1123 3177 clericorum
1160 3127 1217 3177 et
1254 3123 1655 3193 dispensatione
1707 3123 1853 3179 circa
1903 3124 2135 3178 eosdem.
2214 3122 2297 3175 12.
2335 3121 2417 3174 De
2469 3117 2792 3174 excessibus
2831 3115 3105 3187 episcopo·

429 3221 552 3257 rum
589 3206 777 3256 contra
814 3220 942 3256 suos
993 3202 1427 3273 archiepiscopos
1465 3207 1522 3258 et
1571 3203 2071 3258 archidiaconorum
2107 3204 2295 3256 contra
2351 3215 2482 3254 81108
2519 3197 2824 3268 81118001108.
2906 3195 2993 3249 13.
3030 3194 3105 3247 ΒΘ

430 3282 748 3337 excessibus
786 3284 843 3335 et
877 3281 1184 3351 privilegiis
1234 3282 1725 3352 hospitalariorum.
1804 3283 1886 3336 14.
1924 3282 2008 3337 Ne
2045 3280 2277 3335 clericus
2326 3279 2417 3333 vel
2467 3276 2774 3332 monachus
2812 3273 3104 3329 saeculari·

429 3364 531 3417 bus
556 3362 792 3431 negotiis
818 3379 878 3416 se
896 3362 1215 3428 immisceat,
1239 3380 1380 3415 neve
1405 3362 1701 3417 monachus
1725 3363 1842 3416 sine
1866 3362 2088 3416 licentia
2107 3359 2323 3415 abbatis
2342 3358 2430 3413 sui
2446 3358 2505 3412 in
2523 3356 2748 3412 saeculo
2768 3356 3103 3426 permaneat.

434 3443 516 3495 15.
544 3442 625 3496 De
650 3441 837 3496 ordine
875 3444 932 3494 et
967 3441 1359 3511 spiritualitate
1385 3442 1720 3509 quorundam
1744 3441 2093 3509 regularium.
2147 3440 2230 3493 16.
2268 3438 2355 3492 ΒΘ
2383 3436 2667 3492 monachis
2704 3435 2765 3489 in
2789 3434 3107 3505 probatione

436 3521 832 3591 (probationem
843 3521 898 3588 ‘?)
922 3521 1194 3591 susceptis
1221 3525 1277 3575 et
1302 3521 1359 3574 in
1378 3521 1693 3591 probatione
1711 3520 1903 3591 positis
1920 3521 2173 3574 recedere
2191 3516 2520 3572 volentibus.
2570 3517 2653 3570 17.
2680 3515 2766 3570 De
2780 3512 3109 3586 juramentis

430 3601 733 3655 servandis.
813 3601 894 3655 18.
937 3600 1143 3665 Quibus
1193 3600 1527 3671 temporibus
1578 3600 1762 3655 clerici
1813 3600 2047 3655 ordinari
2095 3600 2343 3653 debeant.
2422 3598 2505 3651 19.
2545 3596 2761 3662 Quibus
2798 3599 2860 3650 et
2898 3593 3109 3664 quando

430 3683 488 3734 et
524 3680 581 3733 in
619 3698 780 3749 quam
820 3683 1057 3734 aetatem
1095 3680 1357 3735 ecclesiae
1395 3683 1525 3734 sunt
1561 3680 2001 3745 committendae,
2054 3683 2111 3733 et
2146 3679 2216 3733 ad
2255 3695 2416 3747 quem
2467 3679 2688 3747 spectat
2728 3693 2925 3729 eorum
2963 3690 3110 3744 repa·

430 3759 587 3813 ratic.
663 3760 748 3815 20.
788 3759 869 3811 De
907 3759 1117 3828 peculio
1156 3760 1489 3814 clericorum.
1564 3759 1649 3813 21.
1690 3760 1768 3813 Ut
1803 3759 2035 3829 plurima
2072 3758 2333 3812 beneficia
2383 3774 2491 3811 non
2528 3759 2662 3810 sunt
2698 3753 3111 3815 committenda,

429 3855 533 3892 nec
570 3856 739 3892 unum
775 3838 918 3892 inter
968 3839 1152 3908 plures
1204 3838 1569 3893 dividendum.
1645 3839 1731 3892 22.
1770 3838 1851 3893 ΒΘ
1902 3838 2126 3893 decimis
2180 3836 2373 3892 dandis
2421 3840 2478 3891 et
2527 3854 2636 3890 non
2689 3833 3111 3889 commutandis.

430 3918 519 3971 23.
559 3918 640 3971 De
679 3917 904 3971 decimis
942 3935 973 3971 a
1010 3918 1289 3972 monachis
1325 3918 1669 3988 praestandis
1706 3918 1797 3971 vel
1833 3935 1940 3971 non
1965 3917 2307 3988 praestandis
2345 3919 2403 3971 et
2440 3917 2507 3970 de
2541 3914 2907 3986 pensionibus
2947 3913 3113 3969 eccle·

430 3997 640 4051 siarum
685 3995 791 4050 sibi
843 3996 1040 4050 debitis
1090 4015 1198 4050 non
1248 3996 1531 4064 augendis,
1606 3997 1692 4050 24.
1730 3996 1812 4050 De
1848 3997 2165 4068 presbytero
2183 4040 2196 4063 ,
2245 3996 2340 4066 qui
2375 3996 2494 4050 sine
2532 3996 2681 4049 unda
2720 3994 2994 4065 baptismi
3032 3993 3113 4045 de-

431 4076 619 4131 cessit.
682 4075 768 4128 25.
807 4074 889 4128 De
925 4092 1069 4129 vana
1107 4077 1342 4144 quadam
1378 4075 1763 4146 superstitione
1799 4076 2055 4131 tollenda.
2107 4077 2193 4131 26.
2231 4075 2314 4131 ΒΘ
2352 4094 2534 4130 811018
2573 4075 2818 4145 quodam
2857 4073 3111 4129 tollendo.

430 4156 520 4209 27.
559 4154 641 4208 ΒΘ
678 4154 1031 4208 venatoribus
1084 4158 1139 4208 et
1175 4155 1480 4221 sagittariis
1530 4158 1586 4209 et
1623 4154 1818 4209 clerico
1872 4173 2205 4225 percussore.
2281 4156 2367 4210 28.
2405 4156 2488 4210 De
2525 4154 2833 4222 sortilegiS.
2913 4154 3003 4209 29.
3039 4152 3113 4205 ΒΘ

431 4234 722 4305 scripturis
760 4233 1104 4304 apocryphis.
1180 4234 1264 4290 30.
1302 4234 1385 4287 De
1423 4233 1611 4288 diebus
1660 4234 1889 4289 feriatis.
1965 4236 2050 4290 31.
2088 4235 2168 4289 De
2220 4235 2485 4290 electione
2523 4239 2581 4289 et
2632 4234 2802 4289 electi
2842 4234 3113 4304 potestate

433 4317 491 4367 et
539 4312 778 4383 episcopi
830 4311 1228 4365 renuntiatione
1280 4314 1336 4364 et
1381 4315 1719 4365 sacramento
1773 4312 1840 4365 ab
1891 4312 2063 4367 electo
2115 4315 2459 4383 praestanda
2545 4314 2632 4368 32.
2687 4313 2775 4367 De
2827 4312 3014 4370 ,officio
3064 4312 3115 4363 et

431 4396 707 4463 potestate
758 4391 990 4461 praelati
1028 4393 1085 4444 et
1131 4390 1332 4460 judicis
1370 4390 1643 4445 ordinarii.
1721 4391 1804 4444 33.
1843 4391 1924 4445 De
1962 4393 2137 4447 officio
2175 4393 2543 4449 archidiaconi
2559 4436 2572 4459 ,
2625 4388 3114 4464 archipresbyteri,

433 4471 744 4542 primicerii,
783 4469 1048 4524 sacristae
1087 4472 1143 4522 et
1180 4468 1440 4523 custodis.
1492 4469 1577 4523 34.
1605 4470 1682 4523 Ut
1720 4470 1910 4524 domus
1944 4471 2232 4540 religiosae
2271 4472 2524 4543 episcopo
2562 4472 2680 4527 sint
2716 4472 3027 4544 subjectae,
3064 4471 3116 4521 et

433 4551 502 4604 de
541 4550 898 4604 divisionibus
936 4546 1328 4618 parochiarum.
1382 4547 1466 4601 35.
1493 4547 1574 4601 De
1599 4547 1777 4601 officio
1803 4551 1859 4602 et
1881 4552 2153 4618 potestate
2185 4550 2432 4621 judicum
2457 4551 2864 4619 delegatorum.
2927 4551 3014 4605 36.
3039 4547 3115 4601 De

433 4629 743 4696 cognitione
778 4629 1075 4682 multarum
1119 4626 1453 4694 (mutuarum
1467 4625 1521 4694 ‘?)
1565 4626 1886 4696 petitionum
1923 4645 2102 4683 coram
2142 4630 2330 4684 eodem
2381 4630 2584 4701 jndice.
2662 4631 2752 4686 37.
2794 4631 2883 4685 De
2916 4627 3115 4701 jureju-

434 4709 603 4763 rando
640 4712 860 4778 propter
898 4706 1223 4761 calumniam
1264 4709 1320 4760 et
1351 4705 1659 4775 juramento
1698 4706 2051 4775 purgationis.
2126 4709 2212 4763 38.
2250 4710 2333 4763 Β8
2371 4711 2700 4780 purgatione
2756 4711 3029 4765 canonica
3066 4709 3119 4760 et

433 4788 669 4855 vulgari.
745 4789 829 4841 39.
869 4787 950 4839 De
1000 4785 1346 4840 restitutione
1397 4784 1750 4854 spoliatorum
1801 4787 1857 4839 et
1905 4786 1970 4839 de
2020 4788 2327 4843 novatione.
2402 4791 2491 4847 40.
2529 4791 2612 4845 De
2652 4791 2781 4846 dolo
2836 4795 2899 4846 et
2937 4791 3118 4845 contu·

414 5003 493 5056 Ἣ.
