3355 5328
1413 309 1592 364 Sectio
1628 310 1698 364 ΙΙ.
1749 309 1782 377 5
1820 310 1906 365 89.
1946 311 2032 375 90.
2942 309 3044 367 157

384 468 723 537 Ecclesiae
783 469 1116 537 subtraxit
1162 473 1231 537 et
1277 470 1361 535 ad
1408 490 1479 535 se
1538 469 1897 536 revocavit.
1988 469 2181 536 Unde
2240 469 2353 535 illa
2410 469 2628 553 capita
2672 471 2864 554 hujus
2911 471 3046 537 col-

384 566 686 634 lectionis
702 618 717 647 ,
780 588 947 650 quae
1007 568 1088 633 de
1146 566 1389 635 talibus
1433 567 1731 635 materiis
1778 568 2185 635 constituunt
2203 618 2217 646 ,
2279 589 2450 633 nunc
2497 567 2772 652 pristino
2818 569 3045 634 valore

386 664 587 748 legali
630 686 762 731 non
806 665 1087 749 amplius
1133 666 1423 749 gaudent
1453 663 1494 733 ¹.

563 771 642 837 In
688 777 1004 855 quantum
1041 777 1262 839 autem
1308 773 1486 838 nulla
1516 772 1866 864 rationum,
1915 793 2115 856 supra
2144 776 2672 850 memoratarum,
2722 772 3046 854 abrogata

386 870 494 934 vel
538 874 798 937 mutata
839 875 1011 949 sunt,
1061 871 1279 955 capita
1324 871 1515 954 hujus
1563 869 1964 937 collectionis
1995 870 2342 954 pristinum
2387 871 2680 936 valorem
2724 869 2891 952 legis
2939 891 3045 936 ec-

387 967 794 1034 clesiasticae
839 967 1231 1034 universalis
1279 969 1479 1035 etiam
1525 990 1697 1034 nunc
1741 969 2006 1035 habent.

946 1175 987 1261 ξ
1034 1174 1138 1244 89.
1231 1176 1463 1264 Capita
1505 1176 1705 1265 hujus
1754 1175 2276 1244 collectionisin
2204 1194 2392 1243 mse
2419 1175 2465 1242 ².

567 1345 819 1412 Textus
866 1344 1173 1431 capitum,
1221 1345 1439 1430 prouti
1485 1368 1526 1412 a
1556 1347 1947 1430 Raymundo
1996 1346 2352 1412 adornatus
2397 1345 2543 1425 fuit,
2593 1367 2635 1412 a
2663 1345 2845 1430 Papa
2886 1345 3044 1411 Gre-

384 1446 562 1529 9orio
609 1444 732 1510 IX.
781 1465 900 1528 per
959 1444 1204 1511 bullam
1264 1444 1755 1528 publicationis:
1816 1446 1957 1510 Rex
2003 1445 2315 1530 pacificus
2374 1445 2775 1528 approbatus
2824 1447 2946 1509 3313
2975 1448 3046 1556 et

386 1562 514 1623 qua
559 1540 714 1608 talis
760 1563 879 1626 per
925 1563 995 1607 se
1041 1542 1333 1608 valorem
1378 1541 1545 1624 legis
1593 1541 2072 1608 ecclesiasticae
2118 1541 2508 1607 universalis
2553 1542 2771 1607 habet.

562 1647 883 1714 Attamen
926 1648 1185 1736 quando
1233 1653 1430 1733 caput
1475 1649 1634 1714 illud
1667 1670 1703 1714 e
1735 1647 2052 1732 rescripto
2090 1646 2457 1730 (decretali)
2490 1647 2763 1731 alicujus
2798 1647 3044 1713 Summi

383 1744 718 1811 Pontificis
750 1747 1140 1812 adornatum
1173 1750 1294 1824 est,
1342 1769 1473 1813 non
1519 1767 1779 1831 semper
1817 1746 2162 1811 universus
2195 1745 2427 1829 capitis
2473 1749 2701 1812 textus
2746 1746 3041 1811 valorem

383 1843 551 1924 legis
584 1843 1066 1910 ecclesiasticae
1095 1845 1316 1923 habet,
1365 1845 1481 1910 sed
1511 1845 1966 1911 tantummodo
1998 1843 2112 1908 illa
2144 1842 2377 1928 capitis
2408 1865 2583 1927 pam,
2633 1864 2800 1926 quae
2830 1843 3042 1928 ipsam

387 1939 633 2006 Summi
684 1940 1019 2007 Pontificis
1079 1941 1553 2008 ordinationem
1614 1943 1723 2007 vel
1783 1941 2172 2007 decisionem
2233 1941 2524 2007 continet
2584 1941 2769 2027 (pars
2831 1944 3039 2028 dispo-

383 2039 622 2120 sitiva).
715 2037 992 2122 Reliqua
1038 2042 1292 2118 autem,
1356 2060 1524 2123 quae
1569 2039 1808 2105 ibidem
1867 2043 2214 2123 praeterea
2280 2038 2454 2104 forte
2502 2043 2880 2117 occurrunt,
2942 2039 3042 2105 uti

381 2158 446 2202 v.
480 2158 544 2218 g.
580 2136 910 2203 enarratio
952 2157 1160 2215 33333,
1207 2138 1316 2203 vel
1349 2137 1671 2222 expositio
1718 2137 2074 2222 petitioniS,
2123 2137 2231 2202 vel
2278 2129 2708 2218 allegationes
2753 2137 3042 2220 partium

381 2233 816 2317 litigantium,
877 2234 947 2299 in
993 2255 1064 2300 se
1111 2238 1179 2323 et
1224 2256 1342 2318 per
1388 2256 1460 2313 se
1520 2256 1931 2319 nequaquam
1990 2236 2285 2301 valorem
2346 2234 2829 2300 ecclesiasticae
2873 2234 3041 2317 legis

381 2332 689 2398 habent.
647 2330 671 2370 3
749 2333 954 2397 Immo
986 2352 1198 2415 neque
1228 2333 1362 2398 vim
1392 2333 1964 2418 interpretamenti
1995 2333 2079 2398 ad
2118 2354 2379 2398 sensum
2410 2332 2583 2397 illius
2616 2332 3041 2399 ordinationis

381 2431 492 2495 vel
557 2429 898 2496 decisionis
957 2430 1328 2541 pontificiae
1393 2432 1747 2497 eruendum
1815 2432 2092 2509 habent,
2158 2430 2283 2496 nisi
2345 2436 2504 2497 tunc
2563 2432 3039 2510 tantummodO,

383 2528 641 2611 quando
707 2550 929 2594 eorum
993 2528 1063 2593 in
1120 2529 1456 2595 condenda
1513 2529 1629 2595 illa
1690 2529 2097 2596 ordinatione
2155 2530 2264 2594 vel
2325 2528 2649 2594 decisione
2706 2529 3039 2613 pontificia

381 2625 553 2693 ratio
599 2625 827 2694 habita
872 2625 1077 2693 fuisse
1125 2626 1544 2710 dignoscitur.

561 2733 777 2800 Aliter
837 2739 1058 2801 autem
1117 2756 1224 2800 res
1272 2756 1343 2801 se
1401 2736 1635 2814 habet,
1701 2707 1897 2818 quum
1958 2740 2195 2820 caput
2215 2734 2746 2801 constitutionem
2794 2735 3041 2800 Summi

381 2831 715 2898 Pontificis
763 2831 1073 2911 continet,
1121 2832 1220 2900 uti
1262 2855 1326 2899 v.
1376 2855 1439 2916 g.
1490 2855 1542 2899 c.
1598 2836 1699 2900 11.
1747 2834 1827 2900 Χ.
1879 2834 1958 2899 de
2006 2837 2294 2899 consuet.
2343 2834 2393 2899 I.
2442 2834 2504 2898 4.
2577 2832 2654 2897 In
2696 2832 2821 2899 hoc
2868 2833 3040 2899 enim

385 2951 540 2995 casu
589 2930 805 3022 omnia
851 2935 920 2997 et
967 2931 1224 3013 singula
1243 2982 1258 3010 ,
1310 2952 1478 3014 quae
1525 2953 1565 2997 a
1614 2932 1875 2997 Summo
1922 2931 2238 2998 Pontifice
2285 2952 2431 2996 cum
2475 2930 2838 2997 intentione
2886 2953 3041 2998 con-

383 3027 697 3094 stituendi
754 3027 823 3094 in
883 3029 1098 3114 capite
1155 3029 1267 3094 illo
1327 3028 1752 3114 proferuntur
1769 3080 1784 3109 ,
1845 3031 2138 3095 valorem
2186 3028 2669 3095 ecclesiasticae
2714 3030 2908 3112 legis,
2972 3035 3041 3097 et

384 3125 643 3209 quidem
689 3125 1100 3205 universaIiS,
1147 3127 1390 3192 habere
1438 3126 1713 3193 dicenda
1757 3132 1928 3194 sunt.

536 3332 574 3419 ξ
623 3332 728 3401 90.
823 3334 1050 3422 Capita
1093 3335 1293 3423 hujus
1341 3335 1746 3404 collectionis
1793 3336 1863 3402 in
1908 3335 2232 3402 relatione
2282 3334 2368 3401 ad
2415 3354 2484 3402 se
2531 3335 2811 3403 invicem
2836 3334 2882 3401 ⁴.

562 3520 771 3597 Quum
814 3520 1000 3605 Papa
1037 3522 1383 3607 Greyorius
1431 3522 1553 3587 IX.
1604 3520 2071 3599 collectionem,
2120 3542 2161 3585 a
2191 3520 2579 3603 Raymundo
2627 3521 3035 3601 adornatam,

382 3618 802 3703 approbando
850 3640 1074 3684 omnes
1119 3641 1383 3686 normas
1422 3618 1777 3703 ι1311311333,
1825 3618 1892 3682 111
1939 3639 2018 3683 33
2064 3618 2585 3702 comprehensaS,
2635 3639 2788 3683 suas
2834 3618 3038 3703 ipsius

381 3715 633 3794 fecerit,
680 3716 796 3794 ita,
846 3737 923 3781 ac
970 3717 1026 3781 si
1063 3738 1288 3783 omnes
1335 3721 1403 3783 et
1435 3716 1731 3799 singulae
1763 3717 1845 3782 ab
1892 3715 2034 3800 ipso
2067 3716 2511 3797 originetenus
2543 3716 2844 3782 conditae
2875 3716 3039 3783 fuis-

382 3818 550 3893 sent,
584 3813 879 3896 sequitur
901 3812 1071 3892 inde,
1096 3813 1164 3878 in
1186 3813 1731 3897 interpretatione
1756 3812 2158 3895 singulorum
2183 3812 2470 3897 capitum
2491 3814 2683 3898 hujus
2708 3815 3038 3881 collectio-

380 3910 503 3990 1113,
552 3910 610 3976 31
641 3911 897 3994 quando
929 3911 1148 3994 aliqua
1180 3932 1405 3977 eorum
1436 3910 1559 3976 sibi
1588 3910 1868 3977 invicem
1900 3910 2240 3976 adversari
2272 3910 2757 3992 dignoscantur,
2790 3934 3038 3997 nequa-

382 4030 578 4092 quam
608 4030 821 4092 posse,
870 4008 1168 4088 fontium,
1203 4030 1239 4075 3
1270 4008 1502 4092 quibus
1531 4008 1646 4074 illa
1677 4008 1897 4093 capita
1927 4009 2249 4075 adornata
2281 4013 2452 4088 sunt,
2500 4010 2727 4077 habita
2758 4010 3034 4106 ratione,

561 4222 583 4257 ¹
621 4219 731 4275 cfr.
757 4222 1023 4275 Benediet.
1049 4222 1221 4290 XIV„
1257 4221 1339 4275 De
1371 4220 1560 4291 synod.
1589 4219 1775 4285 dioec„
1813 4220 1895 4274 ed.
1921 4221 2074 4274 Rom.
2105 4221 2259 4284 1755,
2296 4219 2389 4274 lib.
2416 4221 2508 4274 IX.
2537 4239 2652 4291 cap.
2681 4222 2729 4275 9.
2756 4239 2808 4275 n.
2841 4221 2886 4275 1.
2914 4238 3035 4290 sqq.

562 4300 583 4334 ²
622 4303 849 4353 Ponsius
865 4342 882 4370 ,
939 4300 1041 4355 Jus
1092 4301 1408 4356 canonicum
1452 4301 1617 4371 juxta
1669 4300 1913 4354 nativam
1966 4300 2084 4371 ejus
2137 4300 2336 4355 faciem
2355 4343 2368 4365 ,
2423 4304 2551 4355 tom.
2591 4302 2632 4355 I.
2671 4319 2722 4371 p.
2765 4301 2883 4356 186.
2922 4318 3035 4370 sq.;

382 4382 626 4449 Schiche,
675 4380 778 4434 Die
828 4379 1158 4436 Geschichte
1209 4382 1305 4435 der
1347 4380 1599 4447 Quellen‚
1651 4385 1781 4434 tom.
1820 4381 1888 4434 H.
1927 4397 1979 4450 p.
2021 4381 2134 4445 18.;
2188 4383 2363 4450 Idem,
2412 4381 2514 4435 Die
2551 4381 2724 4435 Lehre
2773 4398 2882 4434 von
2933 4381 3038 4434 den

381 4460 624 4526 Quellem
662 4478 714 4530 p.
753 4460 875 4515 343.

562 4541 583 4575 ⁸
622 4540 731 4594 cfr.
771 4558 824 4594 v.
863 4558 916 4608 g.
955 4558 1072 4611 cap.
1114 4541 1198 4594 15.
1235 4539 1302 4594 X.
1343 4541 1409 4595 de
1447 4542 1711 4595 accusatt.
1751 4540 1817 4594 V.
1862 4540 1906 4594 1.

563 4620 585 4653 ⁴
619 4621 885 4674 Benediet.
922 4621 1077 4675 XIV.
1115 4620 1152 4673 l.
1190 4638 1237 4674 c.
1274 4618 1364 4674 lib.
1404 4620 1498 4675 XI.
1538 4637 1654 4690 cap.
1693 4621 1745 4675 4.
1783 4638 1835 4673 n.
1876 4621 1925 4673 6.
1965 4638 2071 4689 sq.;
2127 4623 2368 4690 Sebaste,
2417 4620 2520 4674 Die
2556 4619 2731 4674 Lehre
2780 4638 2886 4674 von
2931 4620 3036 4674 den

380 4699 612 4767 Quellen
649 4701 744 4754 des
780 4699 985 4755 kathol.
1024 4699 1448 4755 Kirchenrechts
1464 4743 1478 4766 ,
1515 4719 1566 4771 p.
1609 4701 1729 4755 177.
1769 4703 1825 4754 et
1862 4700 1984 4755 342.
2022 4718 2172 4769 sqq.;
2217 4702 2397 4770 Idem,
2433 4700 2536 4754 Die
2574 4699 2900 4755 Geschichte
2939 4702 3034 4755 der

381 4781 626 4847 Quellen,
662 4782 792 4834 tom.
830 4781 898 4835 II.
936 4798 987 4851 p.
1029 4781 1112 4836 16.
