3355 5328
396 342 498 398 138
1193 342 1331 396 Pars
1367 342 1436 397 H.
1489 341 1849 397 Collectiones
1884 343 2251 399 decretalium.

566 501 957 587 Hujusmodi
986 503 1390 570 mutationes
1419 501 1850 586 Raymundus
1892 502 2096 568 etiam
2139 503 2208 568 in
2254 502 2757 570 auctoritatibus
2788 501 3046 567 aliunde

391 601 720 679 assumtis,
767 600 965 666 immo
1012 601 1213 667 etiam
1259 601 1327 666 in
1375 599 1814 666 decretalibus
1841 599 2045 683 ipsius
2075 601 2296 686 Papae
2329 599 2629 683 Gregorii
2657 600 2770 667 IX.
2818 599 2976 667 fecit
3001 595 3042 667 ¹.

568 707 674 772 Ad
736 708 909 790 quod
968 707 1450 791 suscipiendum
1510 705 1686 772 idem
1745 707 2174 791 Raymundus
2235 728 2276 773 a
2328 708 2512 792 Papa
2573 709 2878 792 Greqorio
2925 706 3043 773 IX.

389 806 656 889 plenam
700 810 1101 890 potestatem
1149 805 1524 873 obtinuerat
1547 802 1591 871 ².

570 914 1022 998 Inscriptiones
1050 916 1276 979 tamen
1308 911 1595 997 capitum
1626 911 1960 996 pristinae,
2007 932 2170 995 quas
2201 912 2567 991 invenerat,
2599 911 3046 995 Raymundus,

389 1031 521 1075 non
568 1012 875 1076 obstante
907 1010 1292 1089 mutatione,
1342 1031 1537 1092 quam
1584 1009 1760 1075 forte
1805 1009 1874 1073 in
1917 1009 2178 1075 illorum
2211 1010 2501 1095 capitum
2537 1014 2731 1077 textu
2776 1009 3046 1087 fecerat,

388 1107 661 1174 retinuit
678 1158 693 1187 ,
760 1109 902 1173 sine
966 1108 1160 1175 dubio
1220 1108 1366 1173 ideo
1384 1157 1399 1186 ,
1466 1112 1540 1174 ut
1598 1110 1920 1173 testatum
1980 1108 2232 1175 faceret
2251 1158 2266 1187 ,
2333 1128 2406 1173 se
2466 1109 2686 1193 capita
2742 1108 2861 1174 illa
2921 1128 3050 1173 non

390 1226 427 1271 e
472 1227 592 1271 sua
637 1227 828 1291 penu,
878 1206 996 1271 sed
1042 1227 1127 1272 ex
1174 1209 1447 1272 aliorum
1493 1204 1797 1289 operibus
1843 1206 2286 1289 composuisse
2302 1257 2316 1284 ,
2365 1227 2781 1289 nequaquum
2829 1196 3050 1272 autem

388 1303 564 1383 ideo,
612 1309 687 1371 ut
732 1304 1085 1370 lectoribus
1130 1304 1463 1386 ingereret
1510 1302 1879 1387 opinionem
1899 1353 1913 1381 ,
1964 1324 2043 1369 ac
2088 1304 2144 1369 si
2188 1309 2371 1370 recte
2415 1304 2484 1369 in
2528 1304 2653 1369 hac
2697 1305 3051 1369 verborum

388 1400 603 1467 forma
648 1403 869 1481 effata,
914 1403 984 1467 in
1028 1402 1156 1467 illis
1204 1402 1526 1485 capitibus
1572 1401 1787 1466 relata
1803 1451 1818 1481 ,
1875 1402 1958 1466 ab
2003 1400 2086 1466 iis
2104 1453 2118 1481 ,
2169 1402 2280 1485 qui
2325 1402 2393 1466 in
2440 1402 2729 1485 capitum
2774 1402 3052 1485 inscrip-

387 1500 675 1566 tionibus
721 1501 1158 1578 nominantur,
1208 1499 1582 1566 auctoribus
1629 1498 2075 1581 originetenus
2120 1500 2580 1583 provenissent
2602 1496 2649 1566 ⁸.

568 1607 691 1673 Illa
735 1607 1277 1692 Oompilationum
1326 1606 1744 1687 antiquarum
1791 1609 2004 1692 capita
2018 1659 2038 1691 ,
2087 1628 2255 1690 quae
2302 1607 2382 1672 (16
2430 1605 2707 1672 diversis
2753 1605 3054 1672 materiis

390 1705 676 1785 agebant
694 1755 708 1783 ,
774 1705 1203 1788 Raymundus
1265 1704 1334 1768 in
1391 1704 1669 1771 totidem
1732 1708 1961 1788 partes
2022 1704 2245 1771 divisit
2306 1709 2374 1771 et
2434 1704 2729 1786 singulas
2788 1704 3052 1769 illarum

387 1802 674 1886 partium
718 1807 1035 1885 tanquam
1083 1801 1439 1887 peculiaria
1500 1802 1721 1887 capita
1765 1802 1834 1867 in
1894 1802 2200 1885 congruis
2245 1806 2446 1869 titulis
2505 1802 2889 1881 collocavit,
2952 1802 3055 1869 ita
3101 1888 3108 1893 ἡ

389 1903 616 1965 tamen
635 1951 649 1979 ,
711 1904 786 1966 ut
840 1921 1024 1965 more
1069 1902 1272 1965 Alani
1331 1904 1399 1966 et
1459 1904 1801 1966 auctorum
1848 1900 2391 1984 Compilationum
2437 1900 2551 1967 IH.
2573 1951 2587 1979 ,
2635 1901 2750 1967 IV.
2801 1905 2868 1967 et
2913 1900 2997 1966 V.
3025 1898 3054 1939 ⁴

390 1998 687 2063 omnibus
730 1998 1099 2081 hujusmodi
1156 1997 1478 2081 capitibus
1526 1998 1606 2063 (16
1652 1998 1883 2080 regula
1941 1998 2260 2064 initialem
2319 1999 2626 2064 voculam
2672 1994 2906 2083 capitis
2952 1997 3053 2064 ita

389 2097 582 2161 divisi
626 2095 1013 2180 praefixerit
1037 2094 1082 2162 ⁵.

375 2264 380 2269 ,
566 2193 965 2277 Quandoque
1010 2197 1238 2259 tamen
1267 2193 1637 2277 hujusmodi
1670 2193 2281 2259 determinationem
2313 2214 2663 2278 apponere,
2710 2194 2908 2258 immo
2940 2192 3055 2258 vel

381 2292 520 2376 jam
564 2293 632 2357 in
678 2291 1257 2377 Gompilationibus
1304 2291 1592 2373 antiquis
1638 2291 2010 2376 appositam
2057 2313 2390 2358 assumere
2439 2290 2658 2358 omisit
2683 2289 2729 2360 ⁶.

389 2510 505 2563 cap.
547 2494 595 2547 7.
633 2493 701 2547 X.
740 2495 807 2548 de
842 2497 1008 2565 temp.
1046 2495 1159 2549 ord.
1198 2495 1238 2548 Ι.
1282 2495 1384 2560 11.,
1421 2497 1547 2565 post
1580 2512 1801 2549 vocem:
1840 2495 2016 2548 tribus
2050 2493 2281 2548 inseruit
2314 2512 2464 2548 voc.:
2515 2496 2594 2547 vel
2629 2495 2851 2546 duobus.
2910 2491 3054 2545 Item

387 2572 445 2626 in
483 2573 666 2644 Comp.
704 2574 799 2628 IH.
840 2592 885 2628 6.
923 2575 973 2629 2.
1014 2575 1080 2628 (16
1119 2575 1246 2629 6161.
1286 2575 1499 2645 conjug.
1538 2575 1632 2629 111.
1673 2575 1755 2639 3.,
1804 2591 1835 2628 6
1873 2591 1978 2643 (1110
2016 2575 2304 2629 adornavit
2340 2592 2455 2645 cap.
2496 2576 2545 2629 6.
2583 2574 2650 2627 X.
2691 2574 2806 2627 eod.
2844 2573 2938 2626 III.
2982 2572 3054 2637 3.,

390 2653 448 2707 111
484 2653 877 2787 Ρηζρῗίῇὲἀιΐε
931 2654 1008 2721 „si
1047 2655 1193 2791 agad
1232 2674 1338 2710 11011
1363 2654 1646 2720 obsistat“,
1687 2657 1813 2789 pofIt
1835 2673 2055 2788 voceim:
2091 2656 2248 2788 aliuld
2270 2654 2501 2790 inxgqirt
2523 2672 2674 2709 voc.:
2711 2657 3052 2708 canonicum.

680 2738 736 2787 ri
832 2753 938 2805 ery,
977 2735 1035 2789 in
1115 2754 1227 2806 orp.
1262 2736 1369 2807 jur.
1409 2754 1526 2790 can.
1565 2739 1705 2806 part.
1801 2778 1812 2789 .
1851 2753 1948 2805 pro
1972 2751 2096 2803 egg.
2134 2752 2196 2790 60
2224 2776 2236 2789 .
2485 2777 2496 2789 .

570 2816 593 2850 ²
628 2814 690 2867 Id
728 2814 908 2869 elucet
943 2834 973 2870 e
1011 2816 1102 2870 cit.
1144 2816 1294 2870 bulla
1329 2816 1739 2886 publicationis:
1777 2818 1897 2869 Rex
1922 2817 2202 2884 pacificus.
2253 2816 2315 2870 Id
2341 2816 2505 2870 etiam
2542 2814 2794 2883 agnoscit
2817 2815 3053 2883 Schulte,

384 2893 488 2948 Die
525 2893 852 2949 Geschichte
902 2897 998 2949 der
1036 2895 1264 2962 Quellen
1279 2938 1291 2960 ,
1348 2899 1478 2949 tom.
1518 2896 1586 2949 H.
1624 2915 1676 2967 p.
1720 2897 1803 2949 14.
1878 2895 2053 2950 Simili
2091 2899 2362 2966 potestate
2399 2897 2467 2949 ab
2504 2896 2836 2965 Imperatore
2873 2895 3052 2947 Juxta·-

384 2978 554 3028 m'ano
592 2977 636 3028 I.
675 2975 976 3030 instructus
1027 2980 1147 3030 erat
1195 2980 1252 3030 et
1287 2976 1453 3030 simili
1490 2977 1647 3031 modo
1700 2994 1765 3030 ea
1801 2994 1935 3031 usus
1973 2980 2060 3031 661
2108 2976 2530 3047 jurisconsultus
2575 2977 2943 3028 Tribonianus
2992 2974 3053 3028 in

385 3054 713 3109 adornandis
769 3058 1050 3110 Pandectis
1107 3058 1398 3124 (Diqeetis)
1457 3060 1513 3110 et
1570 3058 1762 3110 Codice
1815 3073 1947 3110 novo
2003 3057 2040 3110 J
2040 3056 2360 3111 ustinianeo.
2450 3055 2562 3110 cfr.
2619 3055 2763 3109 infra
2816 3054 3049 3124 append.

389 3152 504 3203 cap.
545 3136 585 3188 Ι.
625 3137 728 3189 art.
768 3137 817 3190 3.
856 3135 890 3203 ἓ
931 3136 1013 3190 15.
1052 3139 1110 3190 61
1149 3137 1231 3190 17.
2479 3180 2483 3186 -

563 3217 582 3251 ³
620 3215 704 3269 Ita
754 3215 921 3269 etiam
965 3217 1331 3269 Tribonianus
1379 3217 1537 3270 modo
1588 3219 1923 3270 memoratus
1970 3215 2029 3269 in
2082 3218 2366 3270 Raendectis
2417 3217 2710 3283 (Diyestis)
2768 3214 2911 3269 circa
2967 3214 3049 3269 in·

382 3295 705 3365 scriptiones
757 3295 1098 3364 singulorum
1151 3297 1579 3363 fragmentorum
1616 3314 1841 3367 operum
1885 3295 2258 3366 juristicorum
2272 3339 2285 3361 ,
2342 3300 2399 3350 et
2433 3296 2491 3350 in
2532 3297 2721 3350 Codice
2771 3311 2904 3348 novo
2941 3294 3048 3348 Im·

386 3375 653 3445 peratoris
680 3375 715 3429 J
716 3375 978 3430 ustiniani
1014 3376 1055 3429 Ι.
1105 3375 1248 3430 circa
1283 3375 1663 3447 inscriptiones
1700 3375 2041 3443 singularum
2078 3375 2525 3430 constitutionum
2559 3374 3050 3445 imperatoriarum,

382 3473 490 3509 non
528 3455 868 3510 obstantibus
906 3455 1296 3510 mutationibus
1313 3497 1326 3520 ,
1379 3473 1516 3524 quas
1560 3456 1618 3509 in
1656 3455 1737 3509 eis
1775 3474 1846 3510 ex
1882 3455 2206 3510 auctoritate
2245 3456 2376 3510 dicti
2424 3454 2774 3526 Imperatoris
2821 3455 3049 3520 fecerat,

383 3536 701 3590 observavit
759 3536 881 3603 (cfr.
932 3535 1076 3590 infra
1132 3536 1360 3607 append.
1419 3553 1536 3606 cap.
1579 3537 1624 3589 1.
1679 3539 1780 3589 art.
1820 3536 1869 3590 3.
1923 3535 1956 3603 ἓ
1999 3537 2081 3590 15.
2125 3536 2231 3604 17.)
2252 3578 2265 3601 ,
2319 3535 2452 3605 (111111
2500 3553 2624 3589 611111
2673 3538 2895 3606 propter
2944 3534 3050 3590 hoc

385 3615 673 3684 quisquam
724 3615 1120 3670 falsificationis
1170 3632 1400 3683 arguere
1452 3617 1677 3670 auderet
1726 3616 2012 3670 audeatve.
2086 3616 2395 3670 Mirandum
2444 3615 2613 3683 igitur
2648 3619 2735 3670 661
2750 3657 2763 3679 ,
2816 3632 2923 3683 qua
2961 3633 3047 3669 ra·

381 3693 527 3747 tione
577 3694 740 3765 hujus
782 3696 865 3749 rei
915 3713 1081 3750 causa
1134 3696 1518 3766 Raymundum
1565 3695 1848 3765 inculpare
1898 3696 2099 3751 audeat
2149 3698 2363 3750 Schulte
2412 3695 2535 3764 (Die
2572 3694 2901 3750 Geschichte
2952 3696 3052 3749 der

382 3772 639 3838 Quellen,
690 3778 820 3829 tom.
856 3776 924 3829 H.
964 3794 1015 3845 p.
1058 3775 1166 3844 14.)
1188 3818 1201 3841 ,
1252 3775 1416 3844 idque
1468 3793 1530 3829 60
1581 3776 1760 3843 magis
1809 3776 2114 3830 mirandum
2167 3779 2280 3840 est,
2333 3793 2500 3845 quum
2549 3775 2639 3829 hic
2688 3779 2878 3830 auctor
2926 3775 3047 3845 ipse

387 3853 609 3922 (ibidem
645 3872 697 3924 p.
736 3856 821 3910 20.
858 3859 968 3910 not.
1010 3855 1118 3924 14.)
1159 3857 1343 3927 palam
1379 3859 1643 3924 agnoscat
1658 3898 1671 3921 ,
1723 3855 1895 3910 fuisse
1926 3855 2253 3927 jampridem
2289 3859 2622 3921 consuetum,
2663 3855 3048 3926 inscriptiones

381 3932 623 4003 capitum
658 3934 908 3999 retinere,
947 3935 1159 3990 dicens:
1204 3936 1336 4002 „Die
1359 3935 1760 4004 Beibehaltung
1786 3937 1881 3990 der
1906 3936 2408 4007 superscriptionen
2432 3936 2531 3990 hat
2566 3935 3049 4004 augenscheinlich

382 4031 488 4067 nur
511 4012 568 4066 in
595 4014 716 4067 dem
734 4014 1101 4069 Herkommen
1124 4015 1281 4069 ihren
1306 4015 1543 4070 Grund.“
1588 4015 1700 4070 cfr.
1729 4018 1976 4085 Phillips,
2001 4016 2412 4081 Kirchenrecht,
2436 4019 2565 4070 10111.
2590 4017 2686 4071 IV.
2705 4034 2759 4086 p.
2781 4017 2902 4071 284.
2922 4033 3045 4086 sqq.

560 4093 584 4128 4
621 4092 729 4148 cfr.
768 4112 933 4165 supra
968 4114 1020 4166 p.
1062 4097 1198 4160 110.,
1240 4097 1376 4162 115„
1417 4097 1536 4150 121.
1575 4099 1632 4150 61
1672 4096 1791 4150 125.

565 4177 586 4210 ⁵
622 4174 742 4229 Hac
790 4174 998 4229 ratione
1034 4194 1088 4229 v.
1127 4192 1181 4244 g.
1221 4176 1404 4247 Comp.
1443 4177 1484 4230 I.
1525 4194 1570 4230 c.
1609 4178 1754 4229 Eam
1801 4184 1850 4229 te
1898 4178 2053 4230 decet.
2093 4177 2142 4230 5.
2183 4177 2250 4230 de
2299 4179 2465 4231 aetat.
2505 4180 2561 4230 et
2597 4176 2787 4246 qualit.
2827 4179 2885 4230 61
2929 4177 3045 4231 ord.

380 4254 595 4324 praefic.
634 4255 674 4309 Ι.
714 4256 764 4310 8.
803 4255 859 4308 111
898 4255 1032 4309 duas
1068 4259 1253 4326 partes
1291 4256 1495 4322 divisit,
1534 4273 1767 4325 quarum
1802 4256 2063 4326 priorem:
2102 4259 2245 4310 Eam
2279 4265 2329 4310 te
2364 4259 2518 4326 decet,
2558 4260 2677 4321 etc„
2714 4256 2773 4310 in
2811 4274 2858 4311 6.
2881 4257 2934 4310 4.
2976 4257 3045 4311 X.

381 4334 496 4388 eod.
537 4334 578 4388 Ι.
620 4336 720 4400 14.,
760 4339 816 4390 61
851 4335 1081 4389 alteram
1117 4335 1175 4390 in
1212 4355 1256 4391 c.
1284 4337 1369 4390 22.
1408 4337 1475 4390 Χ.
1515 4337 1581 4390 (16
1613 4335 1739 4407 jure
1775 4339 1986 4406 patron.
2013 4336 2107 4390 III.
2135 4337 2220 4391 38.
2260 4337 2456 4407 posuit,
2494 4354 2687 4390 verum
2725 4335 2892 4390 etiam
2917 4335 3050 4391 huic

381 4413 547 4483 capiti
583 4432 733 4470 voc.:
772 4418 911 4469 Eam
949 4423 998 4468 te
1029 4418 1184 4485 decet,
1220 4416 1519 4487 praemisit.
1571 4417 1712 4470 Item
1738 4415 1921 4486 Comp.
1949 4416 2043 4470 III.
2072 4433 2116 4470 c.
2146 4419 2446 4471 Pastoralis
2471 4420 2640 4485 officii
2664 4419 2964 4485 diliyentia.
2993 4417 3044 4477 3.

382 4494 448 4547 de
486 4498 695 4565 except.
733 4496 802 4549 ΙΙ.
845 4497 926 4550 16.
964 4495 1022 4549 in
1060 4496 1196 4550 duas
1232 4499 1417 4567 partes
1455 4496 1723 4561 distinxit,
1761 4499 1927 4565 atque
1963 4496 2197 4567 priorem
2236 4515 2423 4551 earum
2457 4497 2516 4550 in
2552 4514 2597 4551 6.
2631 4497 2685 4551 4.
2711 4497 2778 4551 X.
2818 4497 2935 4551 eod.
2977 4497 3045 4551 II.

381 4573 485 4637 25„
525 4576 583 4627 et
619 4575 850 4629 alteram
886 4575 944 4628 in
979 4593 1025 4629 c.
1069 4577 1150 4630 14.
1189 4576 1255 4630 Χ.
1296 4577 1362 4630 (16
1394 4576 1509 4648 jud.
1548 4578 1618 4631 II.
1660 4576 1736 4641 1.,
1777 4576 1983 4647 pariter
2020 4594 2143 4631 cum
2179 4577 2511 4648 praefixione
2547 4595 2695 4632 voc.:
2744 4579 3051 4632 Pastoraln‘e

389 4652 693 4709 collocavit.

561 4734 584 4770 ⁶
620 4735 704 4789 Ita
739 4754 794 4790 v.
833 4750 886 4803 g.
923 4736 1057 4790 fecit
1094 4735 1238 4791 circa
1275 4753 1392 4807 cap.
1430 4739 1647 4790 Rursus
1685 4739 1922 4805 quidam.
1958 4737 2007 4791 6.
2043 4736 2110 4791 X.
2151 4736 2255 4803 Qui
2290 4737 2420 4792 cler.
2459 4737 2550 4791 vel
2586 4739 2807 4792 vovent.
2844 4737 2941 4791 IV.
2978 4739 3051 4804 6.,

379 4818 659 4883 assumpto
696 4833 727 4869 6
767 4815 951 4886 Comp.
987 4816 1056 4871 H.
1094 4834 1211 4887 cap.
1251 4817 1302 4871 2.
1342 4817 1459 4871 eod.
1497 4816 1592 4871 IV.
1629 4817 1682 4871 4.
1698 4859 1713 4882 ,
1759 4816 1853 4871 ubi
1890 4817 2113 4871 effatum
2149 4817 2205 4870 in
2241 4817 2337 4871 illo
2375 4817 2553 4888 capite
2588 4817 2822 4872 relatum
2859 4816 3055 4888 Papae

338 5089 421 5142 Ἦ
