3355 5328
482 301 587 355 144
1280 305 1418 360 Pars
1455 307 1522 360 11.
1575 306 1937 361 collectiones
1973 305 2340 360 decretalium.

477 459 577 526 ita
622 460 902 543 quidem,
949 467 1025 530 ut
1071 463 1280 529 omnis
1313 464 1693 531 constitutio
1740 465 1828 531 ad
1857 464 2224 544 materiam,
2271 466 2591 550 potestati
2620 465 2950 532 Ecclesiae
2977 467 3104 531 sub-

470 558 736 642 jectam,
783 560 1119 644 pertinens
1165 561 1404 627 ibidem
1448 564 1684 642 relata,
1732 585 1774 629 a
1805 585 2210 647 quocumque
2247 563 2693 646 originetenus
2737 564 3101 648 provenerit,

476 678 591 722 seu
652 677 689 722 e
749 679 1154 743 quocumque
1215 681 1413 744 opere
1470 661 1799 727 litterario
1859 662 2099 728 hausta
2157 661 2358 727 fuerit
2375 712 2389 740 ,
2455 663 2591 728 vim
2656 661 3106 728 ecclesiasticae

474 754 642 837 legis
661 805 675 833 ‚
738 759 806 823 et
865 757 1126 840 quidem
1184 780 1303 841 pro
1364 760 1592 824 eodem
1655 759 1906 827 ambitu
1925 809 1940 838 ,
2000 781 2121 843 pro
2169 780 2296 842 quo
2341 760 2487 844 ipsa
2534 759 2830 826 collectio
2877 759 3106 826 condita

476 856 598 931 est,
648 874 736 919 sc.
770 876 889 938 pro
920 855 1220 921 Ecclesia
1265 856 1593 935 universa,
1641 858 1906 936 habeat,
1954 878 2033 922 ac
2080 856 2138 922 si
2184 857 2630 940 originetenus
2660 859 2745 923 ab
2781 857 2923 942 ipso
2952 857 3107 942 Papa

478 950 794 1032 Gregorio
840 952 951 1019 IX.
1002 957 1072 1019 et
1115 975 1234 1037 pro
1280 954 1578 1019 Ecclesia
1622 954 1934 1021 universa
1994 954 2257 1021 condita
2303 955 2522 1022 fuerit.
2615 956 2691 1021 Id
2738 956 2949 1022 elucet
2987 960 3105 1022 tum

476 1069 562 1114 ex
608 1052 851 1134 oriqine
893 1051 1085 1135 hujus
1132 1052 1551 1130 collectioniS,
1599 1056 1741 1118 tum
1781 1074 1817 1118 e
1847 1052 2153 1137 praefata
2198 1054 2377 1119 bulla
2407 1054 2628 1137 Papae
2663 1054 2954 1139 Greqorii
2982 1053 3106 1135 IX.,

476 1167 605 1228 qua
651 1148 880 1213 eadem
927 1148 1225 1216 collectio
1270 1148 1605 1233 publicata
1651 1154 1774 1217 est.

653 1246 845 1312 Unde
909 1251 1213 1331 respectu
1269 1247 1568 1330 juristico
1632 1247 1794 1313 nihil
1842 1248 2060 1314 differt
2077 1298 2091 1326 ,
2157 1251 2379 1314 utrum
2426 1250 2694 1315 effatum
2711 1298 2727 1327 ,
2791 1247 2861 1313 in
2918 1247 3108 1330 aliquo

476 1343 692 1427 capite
750 1345 942 1428 hujus
990 1345 1390 1412 collectionis
1435 1347 1718 1413 relatum
1737 1397 1752 1425 ,
1816 1346 2262 1429 originetenus
2306 1346 2601 1412 valorem
2655 1345 3109 1412 ecclesiasticae

472 1440 640 1523 legis
702 1442 1004 1508 habuerit
1026 1492 1041 1521 ,
1111 1463 1233 1508 nec
1291 1464 1374 1508 ne
1397 1493 1412 1522 ,
1480 1448 1548 1510 et
1611 1448 1833 1509 utrum
1896 1466 2015 1529 pro
2061 1442 2360 1509 Ecclesia
2424 1443 2761 1522 universa,
2828 1465 2915 1509 an
2971 1464 3110 1508 vero

472 1542 926 1608 tantummodo
986 1564 1104 1626 pro
1174 1541 1394 1624 aliqua
1454 1542 1792 1608 Ecclesiae
1855 1546 2046 1627 parte
2113 1543 2223 1608 vel
2290 1543 2486 1626 plane
2555 1541 2954 1608 solummodo
3008 1562 3109 1625 pro

475 1638 695 1720 aliqua
751 1659 1033 1723 persona
1090 1638 1409 1722 singulari
1469 1641 1754 1723 legalem
1813 1641 2108 1706 valorem
2177 1640 2482 1706 habuerit
2503 1691 2517 1719 ,
2584 1662 2699 1706 seu
2761 1645 2978 1706 utrum
3038 1638 3112 1704 sit

477 1736 921 1818 originetenus
990 1758 1199 1804 canon
1258 1737 1525 1804 Concilii
1587 1738 1919 1820 generalis
1984 1743 2100 1805 aut
2165 1738 2546 1805 constitutio
2608 1737 2853 1803 Summi
2910 1735 3110 1803 Ponti-

473 1834 615 1899 ficis
642 1885 657 1913 ,
722 1857 841 1919 pro
903 1835 1212 1902 universa
1270 1835 1568 1902 Ecclesia
1633 1836 1811 1903 edita
1833 1886 1848 1915 ,
1920 1857 2007 1901 an
2068 1857 2228 1901 vero
2290 1836 2626 1901 decretum
2690 1835 2962 1919 alicujus
3017 1855 3111 1916 sy·
3160 1902 3165 1908 ,

474 1932 630 1998 nodi
673 1933 1090 2016 particularis
1135 1937 1253 2000 aut
1296 1935 1492 2018 plane
1539 1933 1783 1999 dictum
1838 1933 2111 2017 alicujus
2157 1933 2286 1998 viri
2330 1932 2609 2017 privati,
2672 1954 2790 2017 pro
2835 1932 2978 1998 foro
3020 1952 3110 1996 66-

476 2029 842 2096 clesiastico
902 2031 1083 2096 nulla
1144 2034 1480 2115 potestate
1542 2031 1921 2114 legislativa
1973 2030 2298 2097 instructi.
2391 2031 2482 2097 Et
2545 2030 2716 2097 ratio
2781 2033 2888 2096 est
2907 2080 2922 2109 ,
2980 2028 3111 2112 quia

476 2128 840 2206 effatorum,
888 2127 956 2193 in
998 2129 1122 2194 hac
1159 2129 1538 2195 collectione
1584 2129 2216 2213 comprehensorum,
2265 2129 2455 2195 valor
2491 2127 2829 2212 juristicus
2874 2149 3000 2193 non
3040 2127 3110 2192 ab

476 2246 699 2291 eorum
747 2226 1122 2293 auctoribus
1168 2227 1518 2311 primitivis
1536 2278 1551 2306 ,
1614 2227 1730 2292 sed
1776 2228 1857 2292 ab
1907 2228 2099 2310 hujus
2150 2226 2552 2292 collectionis
2602 2229 2872 2292 auctore
2892 2276 2906 2304 ,
2952 2225 3112 2308 Papa

477 2324 791 2405 Gregorio
838 2324 949 2391 IX.
971 2374 986 2403 ,
1049 2324 1160 2408 qui
1217 2325 1387 2390 hanc
1447 2324 1896 2391 collectionem
1944 2347 1984 2390 a
2029 2324 2421 2408 Raymundo
2476 2324 2785 2390 adornari
2821 2322 3015 2408 jussit
3056 2324 3111 2386 et

476 2422 865 2488 adornatam
910 2423 1322 2507 approbavit,
1368 2423 1766 2507 repetendus
1812 2427 1916 2489 est
1946 2423 1985 2488 ¹.
2066 2421 2479 2507 Quapropter
2514 2422 2583 2487 in
2622 2421 2925 2506 juristica
2968 2420 3112 2486 cita-

474 2520 654 2586 tione
711 2521 904 2604 hujus
963 2521 1364 2587 collectionis
1421 2542 1552 2586 non
1613 2525 1716 2586 est
1776 2520 2117 2586 dicendum
2137 2570 2151 2599 ,
2215 2523 2394 2586 certe
2454 2541 2586 2587 non
2646 2523 2828 2587 recte
2877 2518 3109 2593 dicitur,

474 2640 543 2685 V.
587 2640 687 2701 g.:
734 2619 833 2686 ita
877 2619 1116 2687 statuit
1161 2619 1345 2704 Papa
1394 2621 1769 2686 Alexander
1812 2620 1942 2686 HI.
1992 2618 2060 2684 in
2106 2639 2246 2703 cap.
2302 2621 2358 2686 1.
2406 2619 2486 2685 Χ.
2537 2618 2616 2685 (16
2663 2638 3013 2701 consangu.
3058 2618 3115 2681 et

475 2716 708 2783 affinit.
755 2718 868 2784 IV.
922 2721 1022 2785 14.
1044 2768 1059 2797 ,
1125 2719 1242 2784 sed
1289 2718 1630 2784 dicendum
1692 2721 1822 2784 est:
1882 2718 1980 2784 ita
2026 2717 2264 2783 statuit
2324 2721 2522 2801 caput
2580 2720 2635 2783 1.
2691 2717 2771 2782 Χ.
2841 2716 2924 2782 (16
2979 2735 3113 2781 con-

475 2836 705 2897 sangu.
774 2820 842 2883 et
905 2816 1138 2883 affinit.
1187 2817 1301 2883 IV.
1357 2819 1457 2883 14.
1479 2866 1494 2895 ,
1559 2816 1867 2881 nimirum
1931 2815 2170 2882 statuit
2234 2814 2631 2881 auctoritate
2689 2814 2915 2899 Papae
2973 2814 3114 2878 G-re-

469 2917 639 2998 9orii
685 2915 807 2981 IX.
819 2967 839 3000 ,
903 2915 1012 2998 qui
1057 2915 1180 2980 hoc
1228 2918 1427 2999 caput
1472 2934 1557 2979 ex
1601 2915 1824 2998 Papae
1869 2913 2234 2978 Alexandri
2277 2913 2391 2979 ΠΙ.
2443 2911 2757 2978 decretali
2775 2962 2789 2990 ‚
2854 2910 3114 2993 origine-

474 3014 666 3077 tenus
713 3013 797 3078 ad
841 3013 1169 3080 Abbatem
1215 3012 1599 3097 Monasterii
1643 3011 1890 3077 Montis
1936 3011 2187 3077 Cassini
2234 3012 2392 3077 data
2410 3061 2424 3090 ,
2474 3009 2782 3076 adornari
2820 3009 3017 3094 jussit
3058 3009 3115 3072 et

476 3109 867 3176 adornatum
932 3111 1365 3195 approbavit3
1431 3110 1500 3174 in
1559 3131 1692 3193 qua
1750 3109 2180 3176 adornatione
2239 3109 2431 3192 hujus
2497 3107 2733 3192 capitis
2791 3107 3113 3191 praefatae

475 3208 822 3274 decretalis
880 3210 1101 3294 Papae
1162 3208 1523 3274 Alexandri
1570 3209 1685 3274 IH.
1741 3211 1971 3274 textus
2031 3228 2162 3272 non
2210 3206 2471 3272 omnino
2533 3209 2838 3272 servatus
2863 3256 2878 3285 ,
2938 3205 3114 3269 immo

474 3306 854 3373 notabiliter
898 3311 1193 3374 mutatus
1241 3311 1342 3373 est
1365 3357 1379 3385 ,
1441 3307 1537 3373 ita
1593 3311 1667 3374 ut
1713 3327 1943 3372 norma
1981 3305 2180 3390 juris,
2243 3304 2312 3369 in
2377 3304 2549 3371 dicto
2611 3325 2751 3388 cap.
2805 3306 2865 3371 1.
2914 3303 2991 3368 Χ.
3048 3300 3113 3364 (16

475 3424 826 3487 consangu.
891 3411 960 3473 et
1015 3405 1246 3472 affinit.
1295 3405 1409 3471 IV.
1466 3407 1566 3471 14.
1629 3403 1925 3470 exhibita
1943 3453 1958 3482 ,
2026 3404 2109 3468 ab
2153 3402 2270 3468 illa
2315 3423 2546 3467 norma
2579 3401 2754 3486 'juris
2773 3451 2788 3481 ‚
2847 3421 3012 3485 quae
3059 3398 3115 3462 in

473 3508 838 3569 memorata
911 3503 1224 3569 decretali
1286 3503 1509 3586 Papae
1571 3501 1937 3567 Alexandri
1985 3500 2101 3566 ΠΙ.
2168 3499 2416 3584 (Comp.
2464 3500 2514 3565 Ι.
2582 3521 2637 3565 6.
2689 3502 2748 3565 2.
2818 3499 2935 3564 IV.
3001 3493 3112 3576 14.)

476 3601 849 3667 continetur
874 3652 888 3680 ,
955 3624 1086 3668 non
1151 3602 1362 3666 solum
1427 3601 1641 3682 quoad
1702 3599 1984 3664 formam
2011 3648 2025 3676 ,
2092 3598 2208 3663 sed
2268 3598 2469 3663 etiam
2529 3597 2743 3679 quoad
2787 3594 3113 3662 materiam

476 3702 544 3764 et
605 3720 869 3765 sensum
931 3700 1019 3765 sit
1078 3698 1460 3765 notabiliter
1506 3698 1787 3763 diversa.
1866 3696 2060 3763 Unde
2123 3695 2323 3761 etiam
2379 3697 2526 3779 jure
2588 3715 2666 3760 ac
2711 3693 2948 3761 merito
3001 3690 3113 3757 col-

474 3797 670 3864 lectio
730 3798 895 3863 haec
957 3797 1251 3863 collectio
1318 3795 1744 3862 decretalium
1803 3796 1913 3860 vel
1973 3794 2339 3860 decretales
2397 3793 2619 3877 Papae
2668 3793 2964 3878 Greqorii
3006 3786 3111 3854 IX.

475 3897 864 3981 appellatur.

654 4087 693 4174 ξ
741 4084 838 4155 79.
933 4086 1401 4155 consideratae
1445 4086 1517 4152 in
1560 4084 1887 4152 relatione
1936 4082 2021 4150 ad
2071 4081 2569 4169 Gompilationes
2618 4079 2947 4166 antiquas.

653 4259 935 4327 Ratione
981 4276 1356 4323 normarum
1395 4253 1581 4338 juris,
1630 4257 1783 4338 post
1827 4254 2183 4318 Decretum
2232 4249 2532 4316 Gratiani
2579 4251 2905 4318 editarum
2953 4252 3019 4314 et
3059 4246 3115 4310 in

475 4357 980 4443 Compilationes
1027 4353 1333 4436 antiquas
1378 4352 1795 4430 insertarum,
1847 4351 1916 4416 in
1947 4348 2399 4416 collectionem
2430 4349 2653 4433 Papae
2686 4347 2989 4431 Gregorii
3017 4345 3112 4411 IX.

656 4557 675 4589 ¹
714 4554 831 4619 Qua
867 4550 1077 4606 ratione
1115 4548 1295 4619 capita
1330 4546 1494 4617 hujus
1533 4543 1867 4600 collectionis
1917 4542 2107 4597 stricte
2156 4559 2264 4595 non
2312 4559 2375 4595 eo
2427 4559 2592 4596 sensu
2637 4539 2954 4610 accipienda
2990 4538 3117 4598 sunt,

478 4653 583 4704 quo
621 4632 947 4701 originarius
985 4633 1173 4684 auctor
1212 4625 1500 4682 decretalis
1537 4629 1635 4679 aut
1671 4623 2074 4678 constitutionis
2111 4621 2433 4692 pontificiae,
2478 4639 2508 4675 e
2545 4639 2653 4690 qua
2690 4620 2871 4691 capita
2908 4619 3006 4673 illa
3038 4616 3116 4670 ad·

476 4718 665 4770 ornata
703 4716 832 4767 sunt
848 4755 860 4777 ,
913 4711 1139 4765 eandem
1177 4708 1505 4763 decretalem
1541 4706 1633 4760 vel
1671 4703 2112 4759 constitutionem
2157 4705 2443 4772 acceperat
2456 4743 2470 4766 ,
2522 4702 2619 4755 sed
2669 4719 2773 4771 quo
2806 4700 2966 4771 Papa
3002 4697 3118 4753 Gre-

475 4795 660 4865 gorius
696 4794 789 4848 IX.
828 4792 963 4846 haec
1001 4790 1182 4861 capita
1220 4787 1445 4858 accepit.
1522 4786 1631 4841 cfr.
1673 4786 1921 4853 Phizzips,
1958 4782 2366 4848 Kirchenrecht,
2402 4785 2532 4836 tom.
2570 4782 2663 4836 IV.
2701 4799 2752 4851 p.
2789 4780 2918 4835 286.
