3355 5328
353 334 457 392 188
1147 338 1286 392 Pars
1322 338 1389 392 H.
1448 337 1806 393 collectiones
1844 337 2213 394 decretalium.

350 496 649 581 personis
695 498 806 563 vel
864 497 1025 563 locis
1083 496 1265 582 prius
1325 518 1670 577 concessa,
1732 497 1891 563 licet
1948 497 2016 562 in
2061 497 2258 564 Libro
2306 498 2509 564 Sexto
2570 519 2690 564 nec
2735 497 3007 577 inserta,

349 616 473 661 nec
532 595 908 680 specialiter
965 599 1310 661 reservata
1357 595 1491 661 sint
1508 645 1522 673 ,
1584 596 1710 661 hoc
1767 617 1901 661 non
1947 595 2254 662 obstante
2313 596 2608 662 valorem
2670 599 2739 661 et
2784 595 3010 661 effica-

350 693 521 760 ciam
566 715 756 760 suam
800 693 1147 760 retinuisse
1195 694 1522 759 censenda
1567 697 1755 772 sunt;
1803 694 1871 759 id
1917 693 2090 777 quod
2135 693 2336 760 etiam
2382 714 2694 778 expresse
2740 697 2812 760 in
2857 716 2907 761 c.
2943 697 3006 760 1.

353 794 432 858 de
477 795 717 859 constit.
768 794 840 858 in
887 794 1054 858 Sext.
1106 793 1158 859 I.
1208 796 1270 858 2.
1322 791 1601 857 edicitur
1630 791 1671 859 ¹.

528 900 755 977 Quoad
815 900 1177 966 decretales
1237 903 1306 965 et
1365 898 1868 966 constitutiones
1925 899 2147 983 Papae
2193 898 2515 965 Bonifacii
2561 900 2742 966 VIII.
2802 898 3007 983 ipsius

349 1001 606 1077 autem,
670 1001 826 1064 ante
883 997 1392 1082 publicationem
1435 997 1615 1063 Libri
1662 997 1876 1075 Sexti,
1933 996 2239 1062 nimirum
2282 997 2433 1063 inde
2481 1019 2522 1063 a
2567 997 2671 1063 die
2719 999 2824 1063 24.
2873 997 3007 1063 De-

351 1095 628 1161 cembris
666 1098 837 1162 1294
884 1116 1088 1178 usque
1136 1095 1219 1161 ad
1267 1096 1437 1161 diem
1486 1099 1545 1162 3.
1585 1096 1809 1162 Martii
1848 1097 2037 1174 1298,
2088 1095 2301 1162 editas
2348 1100 2417 1162 et
2461 1095 2529 1160 in
2558 1096 2755 1161 Libro
2804 1095 3007 1162 Sexto

345 1213 468 1259 nec
513 1193 798 1260 insertas
816 1246 835 1278 ,
898 1215 1019 1259 nec
1065 1194 1440 1278 specialiter
1484 1198 1864 1260 reservatas
1882 1243 1897 1272 ,
1957 1193 2133 1260 idem
2184 1194 2380 1260 Liber
2439 1194 2816 1260 exclusivus
2875 1214 3007 1259 non

347 1296 470 1382 est,
521 1313 721 1375 quum
764 1292 949 1377 Papa
977 1291 1355 1358 Bonifacius
1391 1292 1569 1358 VIII.
1617 1292 2074 1358 tantummodo
2121 1313 2387 1358 suorum
2420 1294 3004 1378 praedecessorum,

348 1393 416 1455 et
461 1411 876 1473 nequaquam
921 1413 1075 1456 suas
1121 1393 1325 1476 ipsius
1384 1390 1749 1456 decretales
1804 1393 1872 1456 et
1919 1389 2450 1469 constitutioneS,
2512 1394 2670 1457 ante
2715 1390 3006 1474 publica-

345 1487 593 1553 tionem
639 1488 818 1554 Libri
866 1487 1050 1554 Sexti
1100 1488 1310 1555 editas
1358 1492 1426 1554 et
1470 1488 1538 1553 in
1585 1509 1663 1553 eo
1712 1509 1830 1554 nec
1876 1488 2188 1567 insertas,
2246 1509 2366 1553 nec
2411 1491 2791 1554 reservatas
2809 1538 2823 1567 ,
2891 1489 3007 1554 ab·

346 1586 569 1668 rogari
627 1586 930 1653 voluerit.
1023 1586 1305 1652 Proinde
1350 1587 1572 1670 Papae
1618 1586 1941 1652 Bonifacii
1987 1586 2164 1652 VIII.
2215 1586 2578 1652 decretales
2640 1589 2709 1652 et
2763 1585 3006 1652 consti-

346 1684 640 1749 tutiones
657 1735 672 1763 ,
735 1688 890 1750 ante
948 1684 1455 1769 publicationem
1510 1684 1692 1749 Libri
1739 1684 1925 1750 Sexti
1989 1685 2448 1769 promulgatae
2466 1735 2481 1763 ,
2543 1684 2700 1750 licet
2756 1683 2826 1749 in
2883 1684 3008 1750 hoc

346 1801 469 1847 nec
532 1782 824 1849 insertae
842 1833 856 1861 ,
919 1804 1041 1849 nec
1100 1786 1483 1849 reservatae
1502 1832 1516 1861 ,
1581 1782 2006 1865 originarium
2066 1782 2358 1847 valorem
2419 1803 2609 1848 suum
2657 1781 3006 1848 retinuisse

348 1881 712 1946 censendae
759 1884 912 1948 sunt
937 1877 982 1948 ².

525 1990 774 2054 Earum
836 1989 1085 2055 multae
1150 1988 1560 2054 adducuntur
1622 1987 1692 2053 in
1756 1987 2140 2054 collectione
2199 1988 2783 2073 Extravaqantium
2842 2009 3004 2054 com-

346 2090 654 2170 munium,
703 2087 976 2153 inferius
1021 2087 1360 2172 proposita
1384 2083 1430 2153 ³.

510 2294 549 2380 ξ
596 2292 733 2363 120.
827 2294 1238 2364 Considerati
1282 2296 1354 2364 in
1398 2296 1725 2364 relatione
1773 2293 1861 2362 ad
1908 2295 2359 2364 collectionem
2406 2293 2841 2364 decretalium

1306 2403 1527 2490 Papae
1576 2401 1884 2489 Gregorii
1929 2401 2043 2469 IX.

523 2563 601 2627 In
645 2561 968 2629 relatione
1015 2563 1100 2628 ad
1131 2562 1582 2629 collectionem
1614 2563 2039 2629 decretalium
2070 2563 2293 2647 Papae
2326 2561 2626 2644 Gregorii
2655 2562 2768 2629 IX.
2811 2561 3004 2628 Liber

347 2660 589 2728 Sextus
634 2663 951 2745 tanquam
995 2661 1107 2726 lex
1137 2660 1482 2746 posterior,
1529 2661 1598 2726 in
1630 2666 1949 2745 quantum
1981 2660 2349 2727 collectioni
2382 2660 2808 2727 decretalium
2841 2660 3001 2727 Gre-

343 2760 657 2842 gorianae
703 2760 1114 2838 adversatur,
1162 2760 1312 2826 huic
1356 2760 1744 2844 praevalere
1791 2760 1987 2827 debet
2003 2809 2018 2838 ‚
2076 2763 2146 2825 et
2190 2759 2340 2825 hinc
2386 2758 2890 2826 constitutiones
2934 2759 3003 2824 in

343 2857 725 2923 collectione
760 2858 1168 2940 Gregoriana
1211 2859 1464 2924 relatae
1508 2879 1628 2942 per
1672 2857 2176 2925 constitutiones
2206 2856 2386 2923 Libri
2418 2857 2623 2936 Sexti,
2671 2857 2801 2923 illis
2849 2878 3001 2923 con-

341 2955 606 3034 trariaS,
657 2956 1019 3037 abrogatae
1065 2955 1543 3022 existimandae
1590 2960 1746 3022 sunt
1770 2954 1816 3023 ⁴.

1248 3172 1570 3261 CAPUT
1625 3172 1863 3277 QUIN
1866 3172 2102 3261 TUM.

1138 3354 1394 3427 Fata
1475 3353 1773 3428 Libri
1855 3351 2189 3427 Sexti.

1198 3554 1720 3626 ARTIGULUS
1763 3553 2140 3625 PRIMUS.

340 3713 494 3786 Inde
527 3715 607 3786 ab
641 3711 782 3807 ejus
815 3715 965 3787 ortu
994 3731 1199 3804 usque
1232 3711 1314 3785 ad
1346 3709 1488 3805 ejus
1520 3709 1868 3784 editionem
1897 3709 2342 3785 authenticam
2372 3710 2717 3783 Romanam
2747 3729 2805 3784 a.
2829 3711 3001 3783 1582.

342 3890 382 3977 ξ
442 3888 565 3957 121.
656 3891 970 3959 Publicae
1029 3891 1513 3978 praelectiones
1580 3909 1779 3978 super
1844 3908 1919 3957 eo
1982 3889 2054 3957 in
2099 3886 2493 3956 Bononiensi
2551 3886 3001 3955 Universitate

340 3996 608 4065 habitae
656 3997 724 4063 et
770 3997 963 4063 varia
1008 4015 1211 4084 opera
1253 3995 1615 4079 litteraria,
1662 4014 1891 4062 earum
1929 3993 2268 4061 occasione
2311 4011 2510 4081 super
2543 4011 2617 4061 eo
2651 3991 3000 4062 adornata.

519 4166 638 4232 Uti
684 4187 881 4250 super
926 4166 1308 4232 collectione
1357 4164 1783 4247 Gregoriana,
1830 4163 1928 4230 ita
1974 4162 2174 4229 etiam
2221 4183 2418 4246 super
2447 4161 2643 4228 Libro
2684 4162 2887 4228 Sexto
2933 4161 3002 4227 in

340 4264 770 4343 Bononiensi,
828 4268 897 4331 et
941 4264 1151 4329 serius
1198 4263 1399 4330 etiam
1444 4264 1512 4328 in
1559 4262 1705 4329 aliis
1749 4260 2313 4328 Universitatibus
2357 4259 2836 4345 praelectiones
2882 4260 3002 4326 ha-

340 4363 518 4430 bitae
583 4366 755 4430 sunt.
848 4363 1321 4429 Verumtamen
1387 4383 1520 4427 non
1588 4361 1671 4426 ad
1743 4359 2107 4427 ordinarios
2175 4358 2377 4424 libros
2399 4407 2414 4437 ,
2470 4357 2583 4445 vuti
2644 4359 3001 4425 Decretum

521 4575 539 4608 ¹
582 4572 692 4627 cfr.
729 4589 894 4642 supra
931 4589 983 4641 p.
1025 4570 1156 4633 145;
1196 4571 1425 4639 Schulte,
1462 4567 1564 4623 Die
1602 4566 1931 4624 Geschichte
1969 4567 2064 4620 der
2101 4565 2346 4635 Quellen‚
2382 4569 2511 4621 tom.
2550 4565 2617 4620 11.
2655 4583 2708 4635 p.
2745 4566 2834 4620 42.

521 4655 542 4688 ²
581 4654 794 4707 Schulte
828 4652 865 4706 l.
904 4669 950 4706 c.
989 4669 1041 4721 p.
1077 4651 1165 4704 41.
1348 4652 1369 4686 ⁸
1405 4649 1549 4704 Sect.
1586 4649 1682 4703 VI.
1720 4665 1838 4718 cap.
1877 4647 1945 4701 H.
1983 4650 2086 4702 art.
2124 4647 2175 4701 2.

518 4733 544 4769 ⁴
581 4735 794 4787 Schulte
827 4732 866 4786 l.
904 4750 950 4787 c.
988 4749 1041 4802 p.
1078 4731 1166 4785 42.
1241 4730 1359 4796 Qua
1407 4730 1618 4784 ratione
1652 4748 1709 4784 v.
1747 4746 1800 4797 g.
1853 4745 1972 4798 cap.
2011 4728 2060 4782 7.
2113 4726 2146 4795 5
2183 4727 2234 4782 2.
2286 4727 2355 4782 X.
2407 4727 2473 4781 de
2523 4726 2680 4781 elect.
2718 4726 2760 4780 Ι.
2801 4727 2850 4780 6.
2902 4743 3001 4797 per

341 4828 388 4866 c.
431 4812 513 4867 14.
553 4813 668 4866 eod.
706 4811 762 4864 in
800 4811 951 4866 Sext.
989 4812 1031 4866 I.
1071 4813 1120 4866 6.
1159 4813 1372 4865 mutata
1409 4827 1530 4864 esse
1569 4808 1922 4877 dignoscitur.
