3355 5328
403 332 475 386 44
1293 334 1432 388 Pars
1471 335 1510 389 Ι.
1563 335 1854 389 Decretum
1892 335 2155 391 Gratiani.

404 495 617 560 sessor
649 494 719 577 (†
758 496 957 578 1586)
983 498 1024 575 ¹,
1073 496 1180 578 qui
1224 495 1489 562 Decreti
1535 495 2062 573 auctoritatibus,
2111 518 2242 561 una
2289 517 2436 561 cum
2481 496 2717 574 Paleis,
2767 516 3065 561 numeros

403 593 881 677 superscripsit,
916 598 985 661 et
1017 595 1274 677 quidem
1305 594 1372 658 in
1403 615 1525 659 sua
1555 593 1841 659 editione
1872 594 2155 671 Decreti,
2205 615 2372 676 quae
2403 594 2645 678 prodiit
2674 595 3068 678 Antverpiae

403 711 460 756 a.
516 692 685 756 1570
734 692 907 775 apud
954 692 1316 776 Christoph.
1366 692 1762 770 Plautinum,
1812 693 2057 774 absque
2102 692 2326 774 glossa
2371 692 2438 757 in
2487 689 2574 758 8⁰.
2599 689 2624 730 ²

581 788 760 865 Quae
793 791 1261 856 auctoritatum
1291 790 1557 855 Decreti
1588 790 1978 867 numerati0‚
2028 812 2069 855 a
2103 791 2320 856 Contio
2352 790 2746 867 introducta,
2795 810 2930 854 non
2961 791 3068 853 est

402 886 663 967 quidem
731 908 772 953 a
832 888 1195 954 defectibus
1254 888 1560 953 immunis
1585 885 1644 964 ³:
1708 888 2135 953 nihilotamen
2195 888 2409 953 minus
2471 910 2512 954 a
2565 888 2728 952 viris
2787 886 3068 952 eruditis

403 984 834 1051 communiter
878 990 1147 1069 recepta
1193 990 1261 1052 et
1308 1006 1513 1067 usque
1560 987 1644 1050 ad
1691 987 1814 1051 hoc
1859 989 2120 1069 tempus
2168 989 2437 1051 servata
2483 989 2617 1062 est,
2668 984 2821 1049 dum
2868 983 3065 1059 rati0‚

402 1080 666 1147 easdem
713 1083 1144 1150 auctoritates
1190 1083 1478 1149 numeris
1524 1083 1846 1165 signandi,
1897 1084 1980 1148 ab
2026 1086 2300 1149 Antonio
2348 1086 2724 1169 AnqustinO,
2781 1081 3069 1165 primum

400 1178 716 1245 Ilerdensi
774 1181 842 1244 in
889 1182 1209 1265 Hispania
1267 1182 1570 1265 episcopo
1633 1185 1702 1246 et
1760 1181 1990 1247 deinde
2036 1181 2514 1247 Tarraconensi
2575 1179 3068 1264 archiepiscopo

403 1274 474 1357 (†
528 1276 726 1358 1586)
749 1279 793 1356 ⁴,
843 1280 1200 1363 proposita,
1249 1301 1518 1363 prorsus
1565 1280 1870 1360 neglecta
1917 1283 2021 1346 est
2042 1279 2085 1346 ⁵.

1301 1529 1624 1616 CAPUT
1681 1529 2151 1632 QUINTUM.

408 1697 1293 1772 PraestantiaDecreti
1322 1701 1661 1796 ejusque
1692 1700 2073 1773 influxus
2101 1700 2344 1794 injus
2374 1700 3063 1773 ecclesiasticum.

1209 1886 1248 1972 ξ
1295 1886 1393 1954 27.
1486 1888 1915 1955 Praestantia
1961 1888 2248 1956 Decreti.

582 2054 879 2121 Gratiani
926 2057 1280 2122 Decretum
1340 2059 1585 2139 absque
1646 2057 1839 2123 dubio
1887 2079 2083 2141 super
2142 2078 2365 2122 omnes
2426 2055 2846 2122 collectiones
2898 2054 3071 2138 juris

400 2152 844 2231 ecclesiastici,
880 2175 1048 2235 quae
1080 2175 1157 2219 eo
1181 2159 1477 2239 tempore
1503 2156 1877 2233 exstabant,
1909 2156 2262 2239 plurimum
2286 2154 2634 2220 eminebat.
2680 2155 2771 2219 Et
2804 2153 3072 2236 quidem

580 2251 647 2333 a)
696 2272 791 2329 eo,
841 2251 1013 2333 quod
1060 2274 1324 2317 normas
1363 2253 1531 2337 juris
1564 2253 2009 2331 ecclesiastici,
2061 2275 2227 2336 quae
2274 2275 2352 2318 eo
2383 2256 2679 2337 tempore
2726 2251 3068 2334 vigebant,

401 2347 541 2413 fere
587 2350 778 2432 plene
825 2350 1410 2433 complectebatur:

581 2491 599 2523 ¹
638 2491 859 2558 Doujat,
896 2489 1316 2544 Praenotionum
1354 2509 1541 2545 canon.
1581 2491 1671 2544 lib.
1702 2491 1766 2545 V.
1807 2508 1923 2560 cap.
1964 2490 2012 2545 8.
2054 2491 2135 2544 ed.
2176 2491 2267 2545 cit.
2307 2509 2358 2560 p.
2388 2491 2512 2545 459.
2539 2507 2622 2558 sq.
2640 2510 2652 2554 ;
2694 2491 2929 2558 Schulte,
2969 2489 3072 2542 Die

402 2567 729 2622 Geschichte
769 2569 864 2622 der
901 2569 1144 2634 QueHen,
1180 2574 1311 2624 tom.
1349 2571 1443 2624 III.
1484 2575 1622 2639 part.
1665 2572 1712 2624 1.
1751 2588 1803 2640 p.
1841 2572 1962 2625 559.

582 2648 602 2682 ²
641 2647 789 2713 Quae
827 2649 1209 2704 circumfertur
1248 2651 1510 2706 Gontiana
1534 2650 1754 2705 Decreti
1791 2650 1970 2716 editio,
2012 2654 2187 2706 Paris,
2218 2651 2357 2706 1556
2396 2654 2452 2706 et
2492 2650 2647 2715 1570,
2684 2668 2792 2704 non
2832 2652 2920 2704 est
2946 2648 3073 2714 alia,

402 2728 508 2781 nisi
560 2730 962 2798 Antverpiensis
1013 2749 1060 2784 a.
1105 2732 1243 2786 1570
1260 2773 1273 2795 ,
1325 2749 1357 2785 a
1408 2731 1627 2785 librario
1664 2730 1963 2785 Parisiensi
2016 2734 2217 2785 Jacobo
2269 2735 2343 2785 du
2396 2734 2543 2800 Puys
2589 2733 2895 2797 (Puteano)
2912 2772 2928 2800 ,
2983 2730 3074 2784 cui

408 2809 628 2861 Contius
665 2827 799 2878 opus
837 2828 995 2863 suum
1027 2811 1144 2881 jam
1181 2814 1307 2864 ante
1345 2830 1392 2865 a.
1437 2812 1574 2865 1556
1613 2812 1986 2865 excudendum
2024 2813 2411 2871 mandaverat,
2451 2815 2507 2866 et
2545 2810 2639 2879 qui
2677 2810 2814 2864 illud
2853 2810 2910 2863 in
2949 2810 3072 2863 Bel-

402 2888 554 2955 gium
590 2890 986 2955 transmiserat,
1025 2909 1165 2945 novo
1202 2891 1365 2945 titulo
1402 2891 1687 2944 instructa.
1756 2891 1835 2945 De
1874 2908 1978 2959 quo
2017 2893 2114 2945 cfr.
2153 2895 2358 2959 Doujat
2393 2892 2429 2945 l.
2469 2909 2517 2946 c.
2556 2891 2648 2945 lib.
2688 2891 2783 2945 IV.
2823 2909 2943 2961 cap.
2987 2890 3073 2944 13.

404 2969 487 3022 ed.
526 2968 616 3022 cit.
656 2987 707 3038 p.
747 2970 868 3024 397.
907 2974 964 3023 et
999 2973 1235 3039 Richter,
1274 2970 1354 3024 De
1393 2970 1827 3025 emendatoribus
1866 2970 2129 3025 Gratiani.
2202 2972 2349 3042 Lips.
2392 2972 2547 3036 1835,
2586 2989 2637 3041 p.
2679 2972 2764 3025 35.

584 3050 605 3083 ³
642 3049 858 3102 Etenim
901 3053 1122 3104 Contius
1157 3051 1428 3104 interdum

581 3128 636 3196 a)
679 3129 1037 3196 gravissimas
1062 3131 1416 3185 auctoritates
1441 3131 1703 3201 peculiari
1727 3131 1947 3184 canonis
1971 3149 2194 3184 numero
2226 3131 2443 3198 signare
2469 3131 2654 3186 omisit
2679 3148 2882 3200 easque
2910 3130 3078 3184 dictis

405 3207 654 3262 Gratiani
678 3208 926 3264 involvit.
980 3210 1090 3264 Cfr.
1118 3230 1171 3264 v.
1198 3228 1251 3278 g.
1294 3211 1419 3265 dict.
1448 3211 1599 3265 Grat.
1639 3210 1757 3264 init.
1784 3211 1848 3264 D.
1875 3212 1946 3274 1.;
1986 3210 2102 3264 init.
2129 3211 2194 3265 D.
2220 3211 2440 3276 XLIX.;
2478 3211 2597 3266 init.
2626 3211 2683 3265 C.
2711 3211 2860 3265 XIV.
2902 3228 2992 3279 qu.
3026 3211 3074 3264 1.

582 3289 639 3357 b)
682 3290 961 3343 Interdum
1001 3290 1148 3344 dicta
1187 3291 1435 3345 Gratiani
1472 3309 1572 3346 nec
1609 3309 1718 3344 non
1754 3290 2138 3344 auctoritatum
2175 3295 2552 3359 inscriptiones
2588 3292 2657 3345 ad
2694 3291 2846 3361 ipsas
2885 3294 3075 3344 aucto-

400 3368 594 3423 ritates
630 3369 805 3423 traxit
841 3373 898 3424 et
931 3389 1041 3424 una
1080 3389 1206 3424 cum
1244 3370 1330 3424 his
1369 3371 1589 3425 canonis
1626 3389 1849 3425 numero
1887 3370 2145 3438 signavit.
2220 3372 2306 3425 Ita
2341 3390 2395 3426 v.
2434 3389 2486 3439 g.
2526 3371 2645 3425 init.
2686 3389 2731 3424 c.
2772 3371 2860 3424 21.
2902 3370 2962 3424 C.
3002 3371 3075 3424 H.

402 3466 491 3517 qu.
530 3450 608 3514 5.;
661 3448 779 3503 init.
834 3467 880 3504 c.
920 3451 1004 3505 23.
1059 3452 1123 3504 D.
1161 3451 1385 3516 LX111.,
1438 3447 1507 3505 ad
1554 3452 1697 3520 quod
1747 3452 1843 3504 cfr.
1897 3454 2064 3504 notat.
2111 3451 2283 3520 (Corr.
2323 3451 2556 3519 Romm.)
2613 3452 2685 3506 ad
2721 3450 2814 3505 cit.
2855 3468 2977 3505 can.
3018 3470 3075 3505 v.

402 3531 470 3581 In
519 3532 721 3596 synodo
736 3570 752 3598 ,
803 3529 1180 3600 incipientem:
1244 3532 1494 3597 „Initium
1544 3531 1707 3601 hujus
1763 3530 1959 3600 capitis
2013 3531 2260 3586 videtur“
2319 3534 2421 3585 etc.
2460 3561 2530 3569 —
2566 3532 2705 3584 Item
2756 3530 2878 3585 init.
2933 3549 2980 3585 c.
3026 3532 3075 3584 1.

404 3608 461 3662 C.
500 3608 699 3668 XXIV.
741 3626 830 3677 qu.
870 3611 937 3674 2.,
976 3612 1044 3664 ad
1085 3611 1227 3679 quod
1266 3612 1363 3665 cfr.
1403 3615 1571 3664 notat.
1618 3610 1790 3679 (Corr.
1816 3609 2049 3677 Romm.)
2092 3611 2160 3664 ad
2200 3611 2292 3664 cit.
2333 3628 2448 3664 can.
2488 3629 2541 3664 v.
2582 3613 2663 3664 De
2700 3614 3077 3664 communione

393 3690 633 3755 privatis
671 3691 791 3753 etc„
831 3706 968 3757 quae
1006 3690 1227 3760 incipit:
1273 3692 1485 3757 „Verba
1523 3691 1688 3745 haec“
1733 3693 1835 3744 etc.

583 3767 636 3835 c)
677 3768 1079 3824 Auctoritatum
1117 3776 1419 3824 summaria
1454 3771 1728 3824 interdum
1765 3769 2026 3840 peculiari
2063 3770 2285 3824 canonis
2321 3787 2543 3823 numero
2581 3770 2845 3838 signavit.
2905 3772 2992 3824 Ita
3019 3771 3077 3823 in

402 3864 448 3900 c.
477 3848 527 3901 3.
565 3848 629 3901 D.
656 3848 929 3913 LXXIV.;
969 3851 1036 3904 ad
1076 3868 1237 3919 quem
1273 3852 1370 3904 cfr.
1411 3854 1578 3904 notat.
1612 3850 1784 3919 (Corr.
1810 3848 2044 3916 Romm.)
2088 3868 2140 3903 v.
2171 3852 2236 3902 Si
2272 3854 2383 3918 qui,
2423 3867 2562 3918 quae
2587 3849 2810 3919 incipit:
2859 3850 3077 3917 „Verba

402 3927 565 3997 hujus
603 3928 828 3997 capitis“
874 3933 976 3984 etc.

583 4008 639 4076 d)
684 4010 960 4063 Interdum
999 4011 1132 4064 duos
1170 4009 1425 4080 pluresve
1461 4010 1608 4064 locos
1645 4028 1712 4062 eoe
1743 4012 1918 4062 eodem
1944 4012 2164 4063 auctore
2191 4013 2247 4063 et
2271 4027 2431 4079 opere
2458 4009 2805 4079 depromptos
2842 4010 3077 4064 totidem

402 4105 668 4141 canonum
717 4090 957 4142 numeris
1008 4088 1253 4156 signavit
1270 4133 1281 4154 ‚
1328 4091 1409 4144 uti
1459 4108 1512 4142 v.
1552 4106 1604 4156 g.
1658 4088 1866 4142 obtinet
1915 4088 1972 4142 in
2024 4106 2178 4143 cann.
2217 4090 2269 4143 4.
2310 4091 2359 4143 5.
2400 4088 2457 4143 G.
2495 4088 2722 4142 XXVII.
2778 4108 2869 4159 qu.
2914 4091 2981 4155 1.,
3021 4094 3079 4144 et

402 4168 724 4236 quandoque
761 4167 957 4221 iterum
993 4169 1141 4222 locos
1179 4188 1249 4222 ex
1288 4168 1519 4223 diversis
1557 4168 1808 4237 operibus
1845 4169 2088 4239 ejusdem
2125 4168 2364 4223 auctoris
2381 4211 2394 4233 ,
2430 4168 2593 4221 immo
2631 4169 2724 4221 vel
2763 4187 2793 4222 e
2834 4169 3077 4224 diverso·

400 4264 523 4300 rum
559 4251 842 4302 auctorum
880 4248 1131 4317 operibus
1168 4248 1392 4301 haustos
1427 4248 1587 4300 unico
1626 4248 1846 4301 canonis
1882 4266 2105 4302 numero
2139 4249 2454 4318 complexus
2492 4252 2593 4310 est,
2631 4248 2714 4302 uti
2753 4268 2808 4303 v.
2849 4267 2904 4317 g.
2944 4251 3080 4305 fecit

400 4327 457 4380 in
495 4345 540 4381 c.
570 4329 619 4382 6.
661 4327 718 4381 C.
746 4327 969 4381 XXXII.
1011 4345 1100 4396 qu.
1128 4329 1177 4381 5.
1227 4327 1291 4379 In
1327 4326 1597 4394 reliquum
1635 4328 1702 4380 de
1739 4327 1840 4381 hoc
1877 4328 1974 4381 cfr.
2013 4330 2209 4381 Sebast.
2249 4331 2505 4397 Berardi,
2546 4328 2799 4383 Gratiani
2838 4347 3080 4385 canones

402 4407 624 4474 genuini
650 4409 718 4461 ab
745 4407 1071 4478 apocryphis
1099 4405 1334 4460 discreti.
1361 4406 1596 4473 August.
1624 4406 1842 4460 Taurin.
1874 4408 2244 4472 1752—1757,
2270 4408 2420 4462 Part.
2447 4408 2488 4461 I.
2527 4408 2776 4462 Prooem.
2804 4427 2858 4479 p.
2881 4409 3079 4464 XLVI.

581 4488 606 4524 4
642 4491 846 4555 Doujat
872 4486 907 4540 l.
943 4505 989 4541 c.
1023 4486 1115 4540 lib.
1155 4487 1301 4540 VIII.
1334 4504 1451 4555 cap.
1483 4487 1532 4539 5.
1567 4486 1648 4540 ed.
1677 4486 1767 4540 cit.
1806 4504 1857 4555 p.
1886 4486 2009 4540 460.
2044 4504 2152 4555 sq.;
2194 4490 2463 4557 Maassen,
2488 4487 2590 4541 Die
2618 4487 2957 4543 Geschichte
2983 4491 3082 4544 der

404 4565 646 4633 QueHen,
684 4571 724 4621 t.
752 4568 792 4620 I.
833 4585 957 4636 pag.
984 4566 1131 4620 XIX.
1157 4583 1277 4634 sqq.
1294 4586 1306 4630 ;
1348 4567 1578 4635 Schulte,
1617 4565 1719 4619 Die
1747 4565 2071 4619 Geschichte
2111 4567 2206 4620 der
2231 4566 2475 4632 Quellen,
2513 4571 2553 4621 t.
2581 4569 2676 4621 ΙΠ.
2716 4586 2770 4638 p.
2800 4569 2926 4623 723.
2955 4586 3081 4639 sqq.

585 4650 606 4684 ⁵
644 4647 754 4702 cfr.
807 4647 1049 4718 ejusdem
1087 4649 1215 4699 Ant.
1253 4647 1549 4712 Anyti-stim·
1583 4644 1664 4698 De
1717 4645 2088 4699 emendatione
2127 4646 2376 4701 Gratiani
2425 4647 2679 4715 Dialogg.
2730 4647 2827 4703 lib.
2868 4650 2912 4703 I.
2966 4649 3081 4705 dia·

401 4725 510 4792 log.
552 4727 652 4792 18.,
689 4726 746 4780 in
784 4729 961 4780 Andr.
1008 4728 1292 4780 Gallandii
1331 4725 1531 4794 (presb.
1572 4724 1723 4778 Orat.
1758 4721 1791 4789 Τ
1820 4723 2003 4791 1779),
2040 4725 2120 4779 De
2158 4726 2397 4780 vetustis
2435 4744 2703 4781 canonum
2743 4728 3083 4784 collectioni·

401 4805 504 4859 bus
542 4809 598 4860 et
632 4805 1011 4861 collectoribus
1049 4805 1490 4859 dissertationum
1527 4804 1756 4875 syHoge,
1795 4805 1877 4859 ed.
1916 4805 2108 4859 Venet.
2151 4806 2305 4869 1778,
2343 4824 2393 4875 p.
2432 4807 2554 4860 489.
