3355 5328
1367 296 1547 352 Sectio
1583 298 1677 352 IV.
1734 296 1767 364 ἕ
1807 296 1925 351 122.
2872 296 2976 353 189

321 450 650 618 Θιὲείῑίῗιίᾑ
667 459 737 521 et
753 454 1080 594 2collectio
1115 456 1521 539 Gregoriana
1550 457 1591 536 ¹,
1640 456 1758 522 sed
1804 456 1889 523 ad
1923 458 2474 522 extraordinarios
2503 456 2700 522 Liber
2732 456 2975 524 Sextus

316 571 391 617 re
420 571 531 616 ere
578 574 619 618 a
651 574 731 618 ur
783 605 799 622 .

496 649 784 726 Quarum
829 652 1342 736 praelectionum
1388 652 1730 719 occasione
1790 673 1987 738 super
2030 653 2226 718 Libro
2275 652 2478 719 Sexto
2536 653 2727 720 varia
2773 674 2974 737 opera

316 744 644 814 litteraria
702 753 981 816 exarata
1039 754 1224 830 sunt,
1286 750 1386 817 uti
1444 773 1508 817 v,
1557 773 1621 833 g.
1672 773 1955 817 summae
2013 772 2129 816 seu
2191 751 2513 817 breviaria
2536 748 2584 836 ³,
2649 754 2976 838 apostillae

320 843 820 929 (adnotationes)
846 846 893 933 ⁴,
942 871 1129 915 casus
1153 847 1180 886 ⁵
1227 852 1295 915 et
1340 848 1473 915 alia
1515 847 1903 933 hujusmodi.

554 1055 592 1142 ξ
639 1054 772 1123 122.
866 1058 1277 1128 Glossatores
1322 1060 1504 1127 Libri
1552 1060 1756 1144 Sexti,
1804 1060 1872 1128 et
1918 1060 2062 1148 ejus
2108 1060 2335 1146 glossa
2382 1058 2741 1128 ordinaria.

499 1225 898 1293 Glossationi
942 1228 1120 1294 Libri
1158 1229 1345 1295 Sexti
1405 1250 1671 1313 operam
1717 1228 2175 1313 impenderunt
2220 1230 2507 1296 Joannea
2552 1231 2858 1295 Andreae
2904 1234 2973 1296 et

317 1322 604 1389 Joannes
649 1326 1022 1410 Monachus,
1071 1329 1141 1399 et
1184 1327 1253 1393 hi
1299 1327 1558 1410 quidem
1605 1327 1836 1393 eodem
1881 1331 2206 1412 tempore,
2256 1332 2325 1395 et
2369 1330 2519 1412 post
2563 1327 2711 1393 illos
2760 1328 2973 1394 Gaido

319 1422 399 1486 de
443 1422 684 1507 Baysio
731 1443 847 1489 seu
891 1425 1407 1492 Archidiaeonus
1429 1424 1473 1492 ⁶.

495 1519 587 1585 Et
633 1522 807 1602 quod
851 1526 1112 1606 spectat

503 1619 558 1683 1.
626 1618 711 1683 ad
756 1619 1072 1686 Joannem
1116 1624 1454 1699 Andreae,
1502 1622 1560 1687 is
1606 1622 1673 1687 in
1720 1623 2054 1689 exarando
2099 1622 2223 1688 hoc
2270 1625 2621 1706 apparatu,
2678 1620 2777 1688 uti
2830 1620 2973 1705 ipse

315 1717 625 1794 testatur,
672 1717 1024 1800 plurimum
1069 1741 1226 1785 usus
1272 1724 1374 1787 est
1411 1723 1685 1787 Rosario
1716 1722 1970 1787 Decreti
2002 1722 2322 1787 Gnidonis
2360 1722 2439 1787 de
2468 1722 2729 1807 Baysio,
2776 1742 2973 1804 porro

319 1812 622 1896 operibus
653 1814 995 1882 litterariis
1024 1817 1245 1902 Papae
1279 1819 1628 1885 Innocentii
1658 1820 1776 1885 IV.
1780 1871 1799 1903 ,
1850 1820 2182 1885 Bernardi
2217 1820 2715 1904 Compostellani,
2758 1819 2972 1884 Hosti-

320 1913 507 1995 ensi8,
559 1912 854 1999 Gareiae,
902 1916 1081 1981 Petri
1128 1918 1208 1982 de
1238 1919 1584 2002 Sampsone
1629 1922 1698 1984 et
1728 1919 1997 1983 Abbatis
2046 1920 2312 2003 antiqui.
2384 1917 2776 1988 Absolutum
2809 1937 2973 2000 opus

315 2008 478 2076 illud
523 2032 583 2080 a.
639 2013 811 2077 1304
856 2014 967 2079 vel
1017 2016 1184 2080 1305
1236 2036 1381 2080 esse
1427 2014 1708 2083 videtur.
1787 2015 1967 2093 Quae
2014 2015 2237 2097 glossa
2281 2014 2350 2080 in
2385 2014 2612 2081 multis
2643 2014 2972 2079 codicibus

316 2129 472 2175 11188.
522 2112 591 2174 et
638 2109 1028 2177 editionibus
1076 2112 1360 2179 occurrit
1387 2111 1429 2180 ⁷.

500 2209 559 2272 2.
621 2207 908 2274 Joannee
967 2212 1322 2276 Monachus
1333 2262 1352 2294 ,
1415 2208 1681 2277 natione
1742 2210 1968 2276 Gallus
1986 2260 2000 2289 ,
2064 2231 2149 2275 ex
2210 2210 2489 2276 dioecesi
2548 2209 2974 2275 Ambianensi

318 2301 644 2388 (Amiens)
711 2306 1022 2374 oriundus
1039 2358 1054 2386 ,
1116 2308 1466 2374 canonicus
1523 2308 1913 2374 Parisiensis
1930 2357 1945 2387 ,
2000 2312 2144 2375 tum
2202 2308 2353 2374 inde
2400 2330 2441 2374 a
2500 2307 2603 2374 die
2652 2311 2756 2375 30.
2812 2307 2973 2391 Sep-

316 2401 590 2468 tembris
643 2405 813 2469 1294
860 2404 1222 2471 Cardinalis
1267 2407 1616 2490 presbyter
1659 2406 1764 2473 tit.
1817 2405 1925 2473 SS.
1975 2406 2156 2473 Petri
2203 2410 2272 2472 et
2316 2405 2699 2484 Marcellini,
2762 2405 2973 2471 serius

499 2606 520 2641 ¹
558 2604 668 2659 cfr.
704 2623 872 2677 supra
906 2625 958 2678 p.
1001 2608 1118 2662 148.
1155 2611 1267 2662 not.
1307 2609 1354 2663 3.

498 2688 520 2722 ²
558 2685 667 2741 cfr.
707 2689 974 2757 Saviqny,
1025 2688 1354 2744 Geschichte
1391 2690 1488 2744 des
1523 2696 1656 2744 rom.
1695 2689 1902 2744 Rechts
1950 2688 2026 2743 im
2061 2688 2416 2754 Mittelalter,
2467 2689 2551 2743 ed.
2587 2689 2655 2742 11.
2706 2692 2837 2743 tom.
2876 2689 2971 2743 III.

316 2783 369 2836 p.
407 2766 530 2820 266.
568 2770 678 2821 not.
717 2767 770 2821 h.

499 2848 521 2882 ⁸
560 2846 874 2918 cujusmodi
910 2866 1073 2919 opera
1111 2852 1509 2904 exaraverunt:

498 2926 555 2997 a)
595 2929 857 2982 Nic-olaus
881 2931 946 2982 de
971 2932 1251 2999 Anesian,
1288 2930 1507 2984 natione
1535 2929 1745 2995 Gallus,
1784 2929 1847 2984 Ο.
1876 2930 1929 2984 S.
1955 2930 2039 2995 D„
2078 2929 2172 2998 qui
2208 2929 2379 3000 primo
2406 2929 2626 2983 dimidio
2652 2947 2795 2984 saec.
2823 2930 2969 2984 XIV.

316 3007 516 3072 floruit,
542 3009 645 3062 sub
663 3009 853 3063 titulo:
895 3009 1132 3075 „Tabula
1151 3010 1353 3064 Sexti.“
1390 3010 1643 3080 (Schulte,
1667 3010 1769 3064 Die
1791 3009 2117 3065 Geschichte
2138 3012 2232 3064 der
2252 3009 2494 3075 Quellen,
2512 3013 2641 3065 tom.
2663 3010 2730 3064 II.
2751 3028 2802 3079 p.
2818 3010 2968 3079 231.)

500 3088 556 3157 b)
601 3092 842 3144 Joannes
877 3091 1113 3144 Koelner
1149 3093 1213 3143 de
1247 3093 1479 3145 Vanekel
1495 3132 1512 3160 ,
1544 3090 1686 3161 juris
1723 3090 1968 3145 canonici
2004 3091 2277 3161 professor
2312 3089 2370 3143 in
2406 3090 2781 3145 Universitate
2821 3090 2969 3145 Colo-

316 3169 511 3233 niensi,
550 3170 644 3238 qui
679 3169 864 3223 floruit
899 3187 1042 3224 saec.
1079 3171 1217 3234 XV.,
1255 3172 1356 3225 sub
1393 3170 1584 3234 titulo:
1629 3170 2024 3236 „Summarium
2047 3170 2293 3225 textuale
2320 3173 2376 3224 et
2412 3170 2783 3225 conclusiones
2808 3188 2972 3241 super

319 3249 539 3314 Sexto“,
578 3251 659 3303 ed.
701 3249 882 3304 Colon.
925 3250 1062 3305 1483
1101 3253 1157 3304 et
1193 3250 1366 3304 Paris.
1411 3252 1564 3305 1509.
1623 3251 1860 3321 (Schulte
1895 3252 1931 3305 l.
1972 3269 2017 3306 c.
2055 3269 2107 3322 p.
2148 3250 2294 3318 384.)

499 3329 551 3398 c)
596 3332 802 3383 Paulas
825 3332 1192 3400 Florentinae,
1219 3331 1439 3385 Ordinis
1465 3331 1518 3386 S.
1545 3331 1797 3401 SpirituS,
1821 3331 2127 3399 theologiae
2153 3332 2425 3401 professor
2442 3330 2644 3384 Romae
2670 3348 2811 3384 saec.
2832 3331 2971 3397 XV.,

319 3411 420 3466 sub
456 3410 646 3465 titulo:
692 3411 1064 3477 „Breviarium
1101 3411 1302 3466 Sexti.“
1365 3412 1607 3480 (Schulte
1644 3412 1681 3466 l.
1720 3430 1766 3467 c.
1804 3431 1856 3482 p.
1894 3411 2042 3480 401.)

498 3492 522 3527 4
556 3491 879 3561 Hujusmodi
915 3510 1050 3563 opus
1066 3534 1079 3557 ,
1128 3493 1467 3548 intitulatum
1512 3493 1843 3563 „Apostillae
1880 3510 2043 3563 super
2080 3492 2171 3546 lib.
2210 3492 2251 3546 I.
2290 3495 2349 3546 et
2384 3492 2451 3546 H.
2488 3491 2605 3546 Lib.
2643 3491 2738 3546 VI.
2775 3492 2971 3546 Decre-

316 3570 563 3636 talium“‚
615 3572 851 3626 refertur
899 3572 957 3626 in
994 3574 1228 3642 quodam
1278 3573 1462 3628 codice
1497 3591 1597 3627 ms.
1649 3573 2011 3627 bibliothecae
2048 3571 2443 3627 Universitatis
2479 3571 2969 3640 Regiomontanae3

319 3652 475 3723 cujus
512 3651 713 3706 codicis
750 3670 850 3707 ms.
888 3653 1134 3708 meminit
1170 3656 1493 3724 Friedbery,
1530 3655 1588 3707 in
1627 3654 1782 3724 Corp.
1816 3654 1956 3724 juris
1994 3671 2111 3707 can.
2150 3655 2289 3723 part.
2328 3653 2396 3706 ΙΙ.
2435 3653 2677 3723 prolegg.
2718 3653 2817 3706 col.
2856 3653 2969 3709 LII.

500 3735 521 3768 ⁵
556 3733 689 3787 Tale
727 3750 862 3804 opus
899 3738 1268 3789 exaraverunt
1302 3735 1651 3788 nominatim:

498 3812 553 3881 a)
596 3816 907 3868 Richardus
941 3817 1006 3868 de
1043 3817 1214 3885 Senis,
1252 3833 1392 3869 unus
1430 3834 1459 3869 e
1496 3814 1937 3884 compilatoribus
1974 3813 2123 3868 Libri
2159 3813 2314 3868 Sexti
2329 3856 2342 3877 ,
2379 3814 2482 3868 sub
2518 3813 2709 3868 titulo:
2768 3813 2972 3879 „Casus

317 3893 468 3949 Libri
505 3894 707 3948 Sexti.“
785 3894 954 3948 Iidem
1005 3913 1167 3949 casus
1202 3896 1514 3949 referuntur
1557 3895 1615 3949 in
1664 3912 1778 3962 reg.
1831 3894 2190 3948 bibliothecae
2240 3894 2406 3964 palat.
2444 3894 2654 3948 Monac.
2709 3895 2822 3948 cod.
2869 3912 2969 3949 1118.

317 3975 413 4029 lat.
464 3993 516 4028 11.
558 3975 678 4028 329.
701 4016 714 4039 ,
771 3992 932 4042 quem
980 3978 1247 4029 memorat
1283 3978 1577 4044 Friedbery
1625 3976 1661 4029 l.
1702 3993 1747 4029 c.
1823 3975 1881 4043 b)
1924 3977 2206 4029 Arnoldas
2255 3977 2319 4027 de
2354 3976 2610 4028 Embecke
2621 4015 2638 4043 ,
2690 3973 2971 4029 canonista

318 4073 461 4109 saec.
500 4054 638 4120 XV.,
676 4056 777 4109 sub
813 4054 1004 4110 titulo:
1063 4055 1266 4122 „Casus
1303 4057 1499 4110 breves
1535 4056 1592 4109 in
1628 4056 1904 4110 Sextum.“
1953 4055 2191 4124 (Schulte
2226 4055 2263 4108 1.
2302 4072 2348 4108 c.
2387 4072 2438 4124 p.
2467 4055 2611 4123 367.)
2690 4054 2740 4122 c)
2781 4057 2973 4109 Helias

318 4138 553 4204 Reynier
565 4177 581 4205 ,
618 4136 893 4205 professor
922 4135 1064 4206 juris
1101 4136 1345 4190 canonici
1380 4137 1438 4190 in
1475 4136 1772 4190 Academia
1810 4134 2148 4190 Pictaviensi
2162 4177 2175 4200 ,
2228 4134 2322 4203 qui
2357 4135 2542 4188 floruit
2577 4152 2773 4188 versus
2807 4135 2971 4188 finem

319 4233 461 4270 saec.
488 4215 626 4280 XV.,
665 4216 766 4269 sub
803 4215 992 4270 titulo:
1037 4215 1244 4282 „Casus
1281 4217 1431 4285 longi
1455 4216 1603 4270 Libri
1628 4216 1832 4271 Sexti.“
1882 4215 2119 4285 (Schulte
2141 4216 2177 4269 1.
2206 4233 2251 4269 c.
2279 4234 2329 4286 p.
2359 4215 2480 4280 374,
2517 4214 2610 4268 ubi
2633 4217 2817 4268 tamen
2843 4233 2969 4285 pro:

317 4299 552 4365 Reqnier
587 4313 874 4366 perperam
910 4296 1175 4367 scriptum
1212 4299 1325 4351 est:
1364 4297 1639 4366 Boynier.)

500 4378 522 4413 ὃ
558 4376 620 4430 Id
655 4379 894 4430 testatur
930 4377 1211 4446 praefatus
1250 4380 1492 4432 Joannes
1529 4380 1798 4447 Andreae,
1835 4376 1894 4431 in
1929 4394 2027 4431 suo
2065 4375 2450 4431 commentario
2488 4375 2546 4428 in
2582 4374 2801 4428 Librum
2839 4373 2969 4428 Sex-

318 4460 437 4511 tum
472 4457 531 4511 in
567 4457 796 4526 praefat.
850 4457 1064 4512 dicens:
1128 4457 1447 4524 „Sciendum
1465 4499 1480 4523 ,
1537 4499 1550 4512 .
1591 4499 1604 4512 .
1645 4499 1656 4512 .
1695 4461 1810 4512 tres
1859 4457 2031 4511 fuisse
2084 4457 2247 4528 hujus
2282 4456 2408 4510 libri
2444 4455 2824 4526 compilatores
2840 4496 2852 4517 ,
2906 4455 2971 4508 de

320 4537 517 4607 quibus
554 4537 611 4590 in
647 4537 940 4607 prohemi0,
979 4541 1036 4592 et
1069 4542 1184 4593 tres
1220 4538 1392 4592 fuisse
1428 4538 1779 4606 glossatores,
1818 4538 1884 4591 de
1921 4537 2117 4606 quibus
2155 4540 2385 4601 constat,
2423 4535 2539 4590 scil.
2580 4534 2855 4589 dominum
2880 4534 2915 4588 J
2918 4553 2970 4589 o-

319 4635 515 4673 annem
552 4617 878 4672 Monachum
915 4621 971 4672 et
1005 4636 1093 4673 me
1109 4660 1122 4683 ,
1175 4617 1269 4687 qui
1303 4619 1507 4672 fuimus
1544 4621 1927 4673 concurrentes
1942 4660 1955 4683 ,
2008 4621 2064 4672 et
2099 4617 2553 4672 Archidiaconum
2570 4658 2583 4682 ‚
2621 4615 2716 4685 qui
2752 4615 2974 4686 scripsit

320 4697 511 4771 primis
549 4698 900 4769 apparatibus
935 4699 1275 4770 publicatiS.“
1356 4699 1465 4753 Cfr.
1506 4701 1719 4753 Schulte
1754 4698 1790 4753 1.
1829 4716 1875 4752 c.
1913 4717 1965 4769 p.
2004 4699 2124 4753 213.
2163 4702 2274 4753 not.
2313 4697 2398 4752 52.

503 4782 521 4815 '¹
562 4781 775 4832 Schulte
808 4780 844 4834 l.
884 4798 929 4834 c.
968 4799 1020 4850 p.
1059 4780 1180 4834 213.
1218 4797 1300 4849 sq.
