3355 5328
1371 362 1549 416 Sectio
1586 363 1680 417 VI.
1734 363 1766 429 ξ
1808 363 1926 417 153.
2171 416 2175 420 .
2462 413 2466 418 .
2874 364 2978 417 219

314 522 523 587 blicus
572 522 868 604 contigit.
963 524 1238 588 Poterat
1298 544 1411 588 eas
1474 523 1687 589 dictus
1736 523 2038 588 Summus
2084 522 2394 588 Pontifex
2455 543 2601 588 cum
2660 523 2979 606 praefatis

319 619 808 686 collectionibus
854 621 1130 705 publicis
1163 623 1310 706 jur-i
1357 624 1655 686 canonico
1704 642 2071 700 accensere,
2122 625 2445 703 quatenus
2493 624 2561 686 et
2605 620 2777 698 illae,
2827 621 2982 687 licet

317 739 448 783 non
497 740 581 783 ex
626 722 790 797 tot0,
839 719 936 785 uti
981 720 1128 797 hae,
1179 719 1295 784 sed
1340 722 1565 784 tamen
1613 741 1648 784 e
1692 741 1933 802 magna
1964 723 2174 802 parte,
2225 719 2726 785 constitutiones
2774 721 2980 784 66616-

319 816 621 882 siasticas
668 817 1076 882 universales
1124 820 1193 882 et
1239 817 1332 881 sic
1374 818 1480 902 jus
1529 817 1910 882 canonicum
1958 815 2101 898 (cfr.
2154 817 2188 899 ξ
2239 818 2329 900 2.)
2392 817 2760 896 continent,
2826 818 2982 899 quin

318 913 496 997 ipsas
541 915 643 979 his
689 914 951 998 penitus
999 915 1383 998 aequaverit
1431 919 1498 981 et
1535 916 1830 999 publicas
1863 936 1980 980 seu
2013 915 2425 981 authenticas
2457 914 2708 981 fecerit.
2789 915 2978 993 Sane,

319 1012 376 1077 si
420 1013 545 1078 hac
591 1013 847 1078 ratione
893 1012 1046 1079 illae
1080 1014 1499 1079 collectiones
1529 1013 2133 1095 Extravagantium
2165 1013 2300 1077 vim
2333 1013 2789 1079 collectionum
2815 1014 2981 1096 juris

322 1110 746 1176 ecclesiastici
805 1112 1211 1196 publicarum
1272 1112 1550 1177 sortitae
1615 1115 1837 1177 essent
1860 1162 1874 1189 ,
1939 1112 2220 1194 idipsum
2280 1112 2481 1178 etiam
2543 1113 2622 1177 de
2684 1112 2996 1178 Gratiani·

319 1209 602 1274 Decreto
648 1210 1003 1275 tenendum
1049 1210 1241 1287 foret,
1292 1209 1529 1293 quippe
1561 1210 1733 1292 quod
1765 1211 1992 1275 eodem
2024 1211 2218 1294 plane
2263 1210 2475 1289 modo,
2526 1231 2603 1275 ac
2648 1210 2801 1274 illae
2849 1211 2980 1274 col-

319 1306 634 1372 lectiones
693 1308 1297 1389 Extravagantium
1315 1358 1329 1385 ,
1397 1330 1437 1372 a
1484 1308 1666 1391 Papa
1716 1308 2031 1390 Gregorio
2078 1309 2253 1373 XIII.
2321 1308 2389 1372 in
2455 1308 2676 1374 citatis
2740 1307 2980 1373 litteris

320 1404 629 1470 brevibus
661 1408 808 1491 jur-i
854 1409 1151 1472 canonico
1199 1409 1626 1471 accenseatur
1673 1410 1872 1488 atque
1919 1407 2058 1489 ejus
2098 1407 2286 1489 jussu
2316 1406 2566 1471 Romae
2613 1406 2792 1489 typis
2843 1405 2978 1470 edi-

321 1506 463 1568 tum
524 1503 644 1582 sit;
709 1505 879 1585 quod
925 1507 1150 1569 tamen
1194 1505 1549 1570 Decretum
1595 1504 2014 1569 nihilominus
2076 1526 2237 1588 opus
2298 1504 2631 1587 privatum
2676 1525 2981 1587 perman-

323 1600 506 1679 sisse,
556 1623 753 1685 supra
801 1600 888 1685 (p.
943 1604 1045 1668 79.
1097 1601 1223 1685 sq.)
1272 1602 1353 1667 ab
1400 1602 1540 1685 ipso
1589 1602 1772 1687 Papa
1818 1603 2159 1667 Benedicta
2206 1603 2390 1668 XIV.
2441 1602 2828 1686 accepimus.

504 1698 569 1763 Si
617 1703 839 1765 autem
887 1699 1030 1782 quis
1079 1703 1351 1778 asserat,
1400 1701 1547 1765 illas
1587 1700 2005 1766 collectiones
2036 1699 2641 1782 Extravagantium
2686 1721 2805 1784 per
2840 1699 2982 1764 uni-

321 1798 650 1861 versalem
682 1818 908 1862 earum
933 1819 969 1863 e
994 1801 1184 1881 parte
1207 1799 1545 1863 Ecclesiae
1576 1798 2020 1882 receptionem
2046 1799 2496 1865 characterem
2529 1798 2983 1864 collectionum

222 1944 227 1948 .
323 1894 729 1978 publicarum
777 1894 1136 1961 obtinuisse
1156 1946 1169 1973 ,
1231 1895 1325 1959 illi
1372 1895 1757 1979 simpliciter
1801 1896 2356 1980 respondendum,
2423 1897 2628 1961 talem
2675 1917 2900 1960 earum
2948 1915 2984 1959 e

324 1996 515 2076 parte
576 1992 911 2058 Ecclesiae
970 1993 1410 2076 receptionem
1472 2015 1806 2076 nunquam
1867 1994 2197 2070 evenisse3
2260 1994 2458 2058 immo
2520 2014 2729 2076 neque
2790 1994 2984 2058 facile

325 2091 587 2156 evenire
618 2091 929 2175 potuisse,
980 2112 1177 2173 quum
1208 2091 1352 2175 ipsa
1383 2092 1752 2175 hujusmodi
1782 2091 2176 2176 receptionis
2210 2113 2389 2169 ansa,
2439 2092 2745 2157 videlicet
2791 2112 2983 2174 prae-

323 2188 637 2255 lectiones
685 2211 880 2273 super
925 2190 1005 2253 iis
1051 2190 1120 2253 in
1164 2189 1725 2255 Universitatibus
1770 2189 2035 2255 habitae
2055 2240 2068 2267 ,
2131 2189 2448 2255 defecisse
2496 2190 2918 2272 dignoscatur
2943 2188 2983 2255 ¹.

504 2288 696 2353 Unde
743 2288 1165 2353 asserendum
1225 2291 1359 2365 est,
1422 2288 1569 2353 illas
1617 2288 2221 2370 Extravagantium
2282 2288 2722 2354 collectiones
2754 2288 2985 2352 chara-

328 2390 574 2452 cterem
620 2386 985 2470 privatum,
1048 2407 1240 2468 quem
1288 2386 1737 2468 originetenus
1797 2387 2199 2465 habuerunt,
2263 2408 2467 2469 usque
2530 2388 2612 2452 ad
2672 2408 2985 2470 praesens

327 2484 677 2550 retinuisse
698 2483 740 2551 ².

641 2675 679 2760 ξ
727 2672 858 2742 153.
951 2675 1320 2743 Hodiernus
1367 2677 1556 2743 valor
1605 2676 1671 2742 et
1721 2695 1876 2742 usus
1923 2677 2157 2742 harum
2206 2675 2679 2744 collectionum.

506 2835 690 2901 Licet
750 2835 1100 2900 nonnullae
1162 2836 1803 2919 Extravagantium,
1866 2836 1968 2901 his
2017 2835 2505 2902 collectionibus
2567 2835 2988 2918 comprehen-

331 2955 586 3012 sarum,
630 2935 766 3016 jam
816 2933 1261 3015 originetenus
1311 2935 1568 2999 nonnisi
1613 2936 2045 3018 temporalem
2092 2939 2168 3000 et*
2204 2935 2481 2999 localem
2534 2934 2827 2998 valorem
2871 2932 2990 2997 ha-

329 3032 590 3097 buerint
636 3035 705 3097 et
749 3030 894 3096 ideo
943 3054 1112 3097 nunc
1172 3034 1420 3097 nullum
1482 3033 1761 3117 amplius
1821 3036 2222 3098 momentum
2270 3035 2337 3097 et
2383 3054 2572 3097 usum
2627 3030 2989 3115 practicum

331 3131 651 3208 habeant,
702 3129 799 3196 uti
847 3136 949 3196 est
992 3152 1057 3195 V.
1106 3151 1169 3211 g.
1218 3131 1691 3213 Extravagans
1736 3132 1957 3215 Papae
2004 3131 2355 3196 Clementis
2402 3131 2519 3196 V.:
2576 3131 2836 3213 Meruit,
2884 3150 2989 3193 re-

329 3229 470 3293 lata
517 3228 582 3292 in
630 3249 769 3311 cap.
807 3232 866 3294 2.
918 3228 998 3293 (16
1043 3229 1342 3312 privileg.
1379 3230 1569 3296 Ex'tr.
1621 3251 1850 3295 comm.
1900 3230 1981 3295 V.
2034 3233 2115 3308 7.,
2167 3233 2235 3295 et
2265 3230 2737 3309 Extravagans
2768 3228 2989 3310 Papae

333 3328 611 3392 Joanm‘s
642 3327 871 3392 XXII.
891 3351 911 3391 .·
941 3329 1050 3391 Ad
1075 3350 1252 3411 onuS,
1288 3329 1500 3394 relata
1531 3328 1598 3392 in
1632 3350 1772 3412 cap.
1807 3331 1861 3393 1.
1899 3329 1978 3392 de
2011 3329 2199 3394 elect.
2233 3329 2282 3393 I.
2319 3328 2508 3392 Extr.
2535 3328 2578 3392 J
2582 3348 2726 3391 oan.
2760 3326 2988 3403 ΧΧΙΙ.,

332 3427 557 3489 tamen
587 3425 832 3491 multae
865 3425 1033 3490 aliae
1065 3447 1271 3507 usque
1303 3427 1388 3490 ad
1419 3447 1734 3509 praesens
1766 3431 2028 3509 tempus
2059 3429 2461 3491 momentum
2492 3424 2874 3508 practicum,
2925 3427 2993 3488 et
3096 3504 3099 3508 ι

337 3523 596 3605 quidem
642 3522 1016 3604 gravissimi
1062 3524 1392 3607 ponderis,
1440 3525 1689 3589 habent
1709 3524 1755 3589 ³.

519 3720 537 3752 ¹
578 3717 806 3784 Schulte,
844 3716 944 3769 Die
984 3711 1314 3771 'Greschichte
1354 3718 1449 3771 der
1487 3717 1729 3783 Quellen,
1767 3720 1896 3771 tom.
1937 3717 2002 3770 II.
2044 3735 2095 3786 p.
2136 3718 2220 3770 65.

517 3798 537 3831 ²
577 3797 789 3849 Schulte
824 3795 860 3849 l.
901 3814 945 3849 6.
985 3815 1036 3866 p.
1077 3798 1161 3851 63.
1201 3815 1351 3866 sqq.;
1392 3800 1554 3867 Idem,
1592 3797 1693 3851 Die
1731 3797 1905 3850 Lehre
1943 3815 2051 3850 von
2091 3798 2193 3850 den
2232 3796 2459 3862 Quellen
2497 3797 2593 3850 des
2629 3796 2834 3850 kathol.
2875 3795 2995 3848 Kir-

338 3874 674 3931 chenrechtS.
751 3875 978 3930 Giessae
1020 3877 1172 3941 1860,
1210 3896 1261 3947 p.
1302 3877 1422 3931 351.
1486 3878 1595 3930 Alii
1632 3877 1877 3931 nonnulli
1913 3877 2263 3930 nihilominus
2301 3895 2394 3930 eas
2431 3895 2527 3947 per
2564 3877 2928 3930 universalem
2968 3895 2996 3930 e

336 3959 493 4026 parte
530 3954 809 4009 Ecclesiae
846 3957 1210 4026 receptionem
1247 3957 1594 4012 collectiones
1632 3957 1879 4028 publicas
1919 3957 2162 4011 evasisse
2202 3961 2482 4022 asserunt;
2528 3957 2593 4010 de
2633 3974 2738 4025 qua
2774 3975 2834 4009 re
2870 3957 2996 4010 vide

339 4038 558 4105 Bickell,
598 4036 778 4089 Ueber
816 4036 901 4090 die
926 4037 1274 4104 Entstehung
1310 4039 1420 4091 und
1459 4039 1562 4092 den
1586 4038 1848 4106 heutigen
1874 4038 2163 4092 Gebrauch
2189 4039 2283 4091 der
2307 4037 2499 4090 beiden
2525 4036 2997 4103 Extravaganten-

335 4116 714 4184 sammlungen
752 4117 848 4169 des
887 4116 1040 4186 Corp.
1075 4117 1181 4187 jur.
1222 4135 1357 4183 can„
1396 4137 1446 4188 p.
1474 4120 1559 4173 40.
1589 4137 1727 4188 sqq„
1768 4122 1823 4173 et
1863 4120 2093 4187 Schulte,
2132 4118 2234 4172 Die
2263 4117 2592 4172 Geschichte
2632 4117 2726 4169 der
2753 4116 2995 4181 Quellen,

341 4201 470 4252 tom.
512 4197 578 4250 ΙΙ.
619 4216 669 4266 p.
711 4197 796 4250 63.
835 4200 946 4250 not.
990 4198 1072 4251 17.

522 4280 542 4313 3
579 4278 701 4330 Huc
737 4277 975 4346 pertinet
1010 4278 1152 4333 inter
1189 4278 1326 4332 alias
1376 4297 1429 4332 V.
1469 4297 1522 4346 g.
1562 4279 1948 4345 Extravagans
1987 4279 2168 4347 Papae
2208 4279 2242 4332 J
2246 4277 2435 4331 oannis
2472 4277 2673 4331 XXIL:
2726 4279 3000 4346 Antiquae

342 4361 724 4411 concertationi
779 4357 918 4428 (cap.
971 4377 1060 4411 un.
1115 4358 1181 4411 de
1231 4361 1341 4412 vot.
1382 4359 1475 4412 VI.
1527 4358 1755 4412 Extrav.
1812 4359 1966 4411 Joan.
2007 4357 2237 4425 XXII.);
2296 4359 2479 4428 Papae
2530 4359 2809 4424 Bonifacii
2845 4360 2995 4412 VIII.

340 4438 601 4492 Extrav.:
642 4440 924 4505 Injzmctae
954 4439 1093 4507 (cap.
1126 4438 1171 4492 1.
1201 4439 1266 4492 (16
1293 4439 1449 4493 elect.
1477 4438 1705 4491 Extrav.
1734 4455 1923 4490 comm.
1952 4437 1991 4490 Ι.
2020 4437 2126 4504 3.);
2167 4438 2275 4491 alia
2293 4438 2521 4492 Extrav.
2550 4437 2791 4508 ejusdem
2818 4436 3000 4506 Papae

341 4520 622 4585 Bonifacr‘i
658 4521 809 4572 VIII.
829 4560 845 4588 ‚
896 4517 1168 4571 interdum
1205 4536 1489 4588 perperam
1527 4517 1801 4586 adscripta
1841 4519 2123 4571 Benedicto
2161 4520 2261 4571 XI.
2281 4560 2293 4581 ,
2348 4520 2411 4570 Si
2446 4520 2726 4585 reliyiosus
2769 4516 2909 4586 (cap.
2948 4517 2999 4570 2.

343 4597 517 4666 eod.);
574 4599 709 4651 item
758 4598 866 4651 alia
917 4598 1159 4668 ejusdem
1210 4598 1393 4668 Papae
1444 4599 1725 4664 Bonifacii
1761 4599 1912 4650 VIII.
1934 4617 1953 4650 .·
2007 4600 2178 4652 Unam
2227 4605 2469 4651 sanctam
2526 4597 2664 4667 (cap.
2708 4599 2753 4650 1.
2808 4598 2873 4650 (16
2924 4597 2998 4650 Μ.

343 4680 399 4731 et
436 4678 499 4732 Ο.
539 4677 765 4731 Extrav.
806 4694 997 4731 comm.
1025 4679 1064 4731 Ι.
1105 4679 1215 4741 8.);
1258 4677 1440 4747 Papae
1482 4679 1643 4730 Pauli
1670 4680 1746 4731 II.
1785 4677 2046 4731 Extrav.:
2107 4679 2433 4731 Ambitiosae
2476 4678 2612 4748 (cap.
2652 4696 2741 4731 un.
2785 4679 2849 4731 de
2885 4677 2997 4730 reb.

344 4758 474 4812 eccl.
513 4775 619 4810 non
657 4756 925 4812 alienand.
964 4758 1119 4811 Extr.
1159 4774 1348 4811 comm.
1389 4757 1483 4810 III.
1523 4757 1633 4824 4.);
1673 4760 1731 4811 et
1767 4757 1875 4812 alia
1913 4757 2142 4812 Extrav.
2184 4757 2426 4828 ejusdem
2451 4758 2656 4828 Papae:
2702 4760 2876 4824 Quum
2913 4759 3001 4808 de-

343 4840 578 4893 testabile
620 4836 761 4907 (cap.
789 4838 839 4891 2.
880 4838 945 4891 de
982 4837 1170 4891 simon.
1209 4837 1364 4890 Extr.
1404 4855 1593 4892 comm.
1632 4837 1701 4891 V.
1744 4837 1837 4907 1.).
