3355 5328
1417 326 1594 397 Caput
1628 326 1749 380 VII.
1802 325 1836 394 ἓ
1872 327 1959 382 48.
2942 329 3010 385 75

532 485 666 550 Alii
723 485 908 551 illum
969 486 1418 551 characterem
1480 485 1723 551 codicis
1788 486 2216 553 ecclesiastici
2281 487 2670 553 universalis
2729 489 3012 553 Decreto

346 581 658 649 Gratiani
706 583 1011 667 deinceps
1058 582 1414 649 accessisse
1462 587 1771 649 asserunt

536 692 596 756 2.
643 710 766 774 per
810 693 1070 756 tacitam
1115 690 1319 774 ipsius
1367 711 1404 755 e
1450 694 1640 774 parte
1692 690 2103 756 Summorum
2150 692 2537 757 Pontificum
2585 696 2653 758 et
2698 691 3015 757 Concilio-

344 808 500 852 rum
547 788 951 870 generalium
983 789 1539 872 approbationem,
1588 789 1712 855 hoc
1757 794 2063 872 respectu
2110 790 2510 871 allegantes:

534 895 600 977 a)
649 895 820 977 quod
853 895 1100 961 Summi
1130 895 1481 962 Pontifices
1513 897 1673 961 Pius
1699 897 1817 961 IV.
1823 947 1841 979 ,
1877 897 2037 961 Pius
2068 897 2138 962 V.
2175 900 2243 962 et
2278 898 2624 983 Greqorius
2650 897 2847 962 XIII.
2881 897 3014 961 De-

345 996 607 1059 cretum
655 993 952 1071 Gratiani
1000 993 1475 1059 emendandum
1523 997 1591 1059 et
1636 993 1815 1077 typis
1860 993 2360 1077 imprimendum
2407 994 2909 1059 mandaverunt.

533 1100 679 1165 Hoc
723 1099 949 1183 utique
994 1121 1231 1166 revera
1290 1100 1541 1166 factum
1588 1105 1692 1167 est
1721 1098 1762 1166 ¹.
1856 1101 2174 1168 Attamen
2232 1122 2350 1184 per
2393 1101 2518 1167 hoc
2565 1101 2720 1167 dicti
2769 1101 3015 1167 Summi

347 1198 706 1264 Pontifices
768 1198 1223 1265 tantummodo
1286 1202 1651 1264 correctum
1714 1203 1782 1264 et
1841 1220 2076 1282 purum
2121 1199 2387 1265 Decreti
2446 1203 2707 1265 textum
2753 1198 3015 1264 restitui

350 1300 427 1362 et
472 1295 770 1378 evulgari
817 1301 885 1363 et
929 1296 1050 1363 tali
1109 1295 1365 1362 ratione
1410 1296 1572 1361 viris
1590 1346 1605 1375 ‚
1664 1296 1881 1362 studio
1922 1296 2088 1380 juris
2136 1296 2429 1362 canonici
2474 1297 2863 1364 vacantibus
2907 1297 3016 1361 vel

349 1392 427 1458 in
470 1393 662 1477 praxi
709 1394 1135 1461 ecclesiastici
1173 1394 1302 1459 fori
1334 1393 1728 1472 constitutiS‚
1780 1395 1860 1459 de
1908 1398 2063 1478 apto
2097 1399 2164 1460 et
2209 1399 2356 1461 tuto
2390 1394 2823 1477 cognoscendi
2849 1394 3015 1477 juris

349 1490 651 1557 canonici
711 1492 996 1558 subsidio
1059 1491 1384 1559 litterario
1445 1491 1793 1576 providere
1839 1493 2190 1559 voluerunt
2209 1543 2223 1570 ,
2286 1492 2352 1557 id
2414 1494 2585 1574 quod
2631 1491 3014 1558 nominatim

348 1589 540 1673 Papa
588 1590 931 1676 Greyorius
963 1591 1159 1656 ΧΙΠ.
1203 1590 1340 1673 jam
1388 1589 1768 1656 memoratis
1814 1589 2055 1656 litteris
2102 1590 2442 1656 brevibus:
2492 1592 3016 1656 Emendationem

348 1688 789 1773 Decretorum,
838 1689 896 1754 d.
949 1688 1008 1755 d.
1060 1691 1119 1754 2.
1169 1687 1349 1753 Junii
1401 1688 1591 1765 1582,
1649 1708 1962 1772 expresse
2010 1688 2410 1765 enuntiavit3
2462 1689 2541 1754 de
2588 1692 2851 1754 caetero
2900 1709 3017 1753 au-

352 1790 497 1851 tem
557 1785 904 1869 pristinum
950 1786 1216 1852 Decreti
1277 1786 1726 1850 characterem
1787 1785 2107 1851 intactum
2168 1786 2592 1868 reliquerunt.
2690 1786 2860 1851 Sane
2880 1836 2894 1864 ,
2959 1786 3013 1850 si

352 1882 517 1950 dicti
565 1882 812 1948 Summi
841 1883 1193 1950 Pontifices
1240 1904 1321 1948 ea
1365 1903 1438 1948 re
1469 1884 1823 1949 Decretum
1865 1883 2162 1950 Gratiani
2209 1884 2293 1949 ad
2341 1884 2730 1966 dignitatem
2779 1883 3017 1948 codicis

351 1980 786 2047 ecclesiastici
831 1981 1223 2047 universalis
1270 1981 1551 2046 evehere
1597 1981 1980 2059 voluissent,
2028 1981 2114 2059 id,
2163 1987 2393 2066 utpote
2425 2003 2564 2067 rem
2597 1981 2832 2047 summi
2877 2002 3016 2045 mo-

349 2079 584 2157 menti,
633 2079 826 2144 claris
873 2084 941 2146 et
986 2078 1347 2164 perspicuis
1392 2079 1612 2144 verbis
1659 2079 2035 2163 expressuri
2081 2079 2360 2147 fuissent
2382 2079 2425 2146 ².

536 2185 606 2267 b)
637 2186 992 2253 Praeterea
1023 2207 1141 2271 pro
1173 2186 1285 2251 illa
1318 2186 1683 2252 assertione
1708 2186 2019 2268 allegant,
2054 2187 2225 2268 quod
2249 2188 2431 2270 Papa
2453 2188 2797 2271 Greyorius
2817 2186 3012 2250 XIII.

348 2282 600 2349 litteris
631 2276 965 2349 brevibus:
1018 2287 1222 2367 Quum
1252 2306 1380 2369 pro
1425 2307 1684 2349 munere
1717 2287 2057 2369 pastorali,
2108 2284 2167 2350 d.
2218 2285 2277 2350 d.
2334 2288 2388 2350 1.
2438 2283 2595 2350 Julii
2647 2284 2836 2361 1580,
2884 2284 3017 2347 De—

351 2385 613 2447 cretum
655 2381 953 2448 Grratiani
999 2381 1485 2448 collectionibus
1534 2381 1959 2447 decretalium
1993 2381 2403 2447 Summorum
2433 2381 2820 2448 Pontificum
2855 2382 3016 2445 Gre-

349 2482 529 2565 9orii
575 2480 722 2565 IX„
769 2481 1100 2564 Bonifacii
1159 2481 1339 2546 VIII.
1391 2483 1461 2545 et
1509 2480 1840 2545 Clementis
1886 2481 1956 2545 V.
1972 2532 1992 2564 ,
2056 2483 2235 2546 certo
2271 2480 2549 2566 publicis
2595 2501 2711 2545 seu
2759 2480 3017 2545 authen-

352 2580 504 2643 ticis
517 2629 536 2662 ,
591 2577 813 2661 junxit
860 2582 929 2644 et
974 2577 1169 2643 simul
1215 2599 1361 2643 cum
1407 2577 1536 2642 illis
1569 2579 1718 2662 juri
1777 2580 2077 2642 canonico
2092 2629 2111 2662 ,
2174 2577 2215 2643 i.
2269 2599 2324 2644 e.
2381 2577 2513 2662 juri
2575 2576 3017 2642 ecclesiastico

360 2676 725 2742 universali
787 2698 904 2742 seu
949 2676 1314 2742 Ecclesiam
1378 2676 1754 2742 universam
1825 2676 2260 2759 obstringenti
2324 2675 2469 2757 (cfr.
2537 2698 2737 2760 supra
2805 2675 2840 2757 ἓ
2908 2674 3018 2756 2.),

355 2775 696 2860 accensuit
721 2771 766 2842 ³.

541 2881 763 2947 Etiam
808 2882 932 2948 hoc
979 2881 1239 2963 quidem
1286 2902 1514 2946 verum
1563 2885 1683 2946 est.
1778 2880 2096 2947 Attamen
2159 2902 2279 2946 nec
2324 2881 2474 2946 inde
2519 2882 2803 2946 Decreto
2854 2879 3018 2944 Gra-

354 2980 529 3046 tiani
576 2980 919 3046 character
965 2979 1203 3045 codicis
1251 2978 1679 3044 ecclesiastici
1734 2978 2123 3044 universalis
2176 2978 2658 3046 rationabiliter
2701 2977 3019 3043 vindicari

356 3081 603 3163 potest.
696 3078 962 3144 Etenim
1007 3077 1329 3162 praefatis
1375 3077 1617 3143 litteris
1664 3076 1972 3141 brevibus
2027 3077 2254 3142 eodem
2301 3077 2492 3142 modo
2542 3098 2618 3142 ac
2664 3077 3018 3142 Decretum

360 3176 694 3255 Gratiani,
743 3176 943 3244 etiam
990 3175 1406 3241 collectiones
1452 3175 1690 3256 viginti
1731 3175 2332 3257 Extravagantium
2378 3176 2421 3240 J
2424 3174 2651 3240 oannis
2696 3174 2900 3240 XXII.
2952 3177 3021 3239 et

546 3359 563 3392 ¹
604 3354 712 3410 Gfr.
751 3372 916 3426 supra
952 3374 1003 3426 p.
1042 3357 1128 3411 63.
1167 3373 1286 3425 sqq.

543 3436 564 3470 ²
605 3437 832 3504 Schulte,
869 3436 970 3489 Die
1007 3436 1179 3490 Lehre
1216 3455 1324 3491 von
1362 3437 1466 3490 den
1504 3437 1732 3503 Quellen
1770 3438 1865 3491 des
1902 3437 2281 3492 katholischen
2315 3437 2738 3491 Kirchenrechts
2755 3479 2767 3501 ,
2805 3455 2856 3505 p.
2896 3436 3016 3491 329.

546 3517 566 3551 ³
606 3514 765 3570 Certe
801 3517 954 3586 Papa
997 3519 1292 3584 Greyorius
1327 3519 1492 3571 XIII.
1528 3518 1605 3571 ibi
1642 3518 1889 3585 singulas
1941 3517 2285 3571 collectiones
2321 3517 2447 3571 illas
2483 3535 2591 3571 una
2628 3534 2752 3570 cum
2787 3516 3020 3571 Decreto

360 3595 616 3650 Gratiani
653 3596 884 3666 primum
922 3596 1243 3664 singillatim
1281 3600 1562 3651 enumerat
1612 3600 1668 3651 et
1706 3597 1897 3652 deinde
1934 3597 2096 3652 simul
2135 3596 2539 3667 comprehendit
2576 3600 2632 3650 et
2668 3615 2829 3651 voce:
2889 3597 3020 3663 „hoc

350 3675 501 3747 juris
538 3676 781 3730 canonici
817 3679 1041 3747 corpus“
1085 3677 1352 3744 designat,
1390 3677 1532 3730 inter
1557 3681 1775 3732 caetera
1801 3677 2013 3732 dicens:
2060 3677 2267 3743 „Quum
2305 3681 2487 3731 autem
2523 3677 2703 3747 ipsum
2727 3677 3019 3731 Decretum

359 3757 572 3824 absque
607 3756 808 3824 glossis
844 3775 878 3811 a
913 3757 1177 3827 praefatis
1215 3775 1247 3811 a
1283 3757 1439 3812 nobis
1477 3757 1752 3827 deputatis
1785 3757 1899 3828 jam
1936 3761 2113 3811 totum
2150 3758 2494 3812 emendatum
2534 3761 2589 3811 et
2627 3762 2929 3812 correctum
2955 3776 3021 3813 ac

355 3836 636 3890 nonnullis
672 3836 1108 3891 annotationibus
1143 3837 1479 3891 illustratum
1519 3838 1740 3901 existat,
1777 3838 2058 3908 ipsiusque
2090 3838 2262 3908 major
2285 3855 2415 3908 pars
2442 3880 2453 3892 .
2484 3880 2495 3891 .
2525 3880 2536 3891 .
2575 3856 2684 3892 una
2710 3856 2833 3891 cum
2861 3837 3021 3893 dictis

357 3916 741 3971 Decretalibus
789 3916 968 3971 felicis
1015 3917 1404 3972 recordationis
1442 3917 1694 3985 Gregorii
1730 3918 1822 3971 IX.
1875 3917 2307 3989 praedecessoris
2357 3918 2530 3972 nostri
2576 3918 2690 3989 jam
2740 3918 3021 3988 impressis

358 3996 646 4064 recognita
683 4000 739 4051 et
774 3998 1072 4068 approbata
1108 3998 1183 4051 sit
1197 4040 1209 4062 ‚
1264 3998 1534 4066 reliquum
1570 4016 1702 4051 vero
1741 3998 1982 4069 ejusdem
2020 3998 2240 4052 Decreti
2278 4016 2385 4052 una
2424 4016 2545 4052 cum
2584 3998 3021 4052 annotationibus

361 4076 660 4147 praedictis
696 4080 808 4131 tam
847 4077 1053 4146 absque
1090 4077 1314 4145 glossiS,
1367 4095 1529 4146 quam
1580 4077 1760 4148 ipsum
1797 4082 1974 4132 totum
2012 4096 2136 4132 cum
2172 4078 2371 4145 glossis
2387 4120 2401 4143 ,
2439 4078 2774 4146 Sextumque
2813 4082 2868 4132 et
2906 4078 3021 4132 Cle-

361 4156 637 4211 mentinas
673 4156 835 4211 simul
872 4161 928 4212 et
963 4158 1408 4225 Extravagantes
1448 4200 1459 4212 .
1501 4200 1512 4212 .
1555 4200 1566 4212 .
1604 4159 2067 4242 recognoscenda&
2092 4158 2272 4212 omnia
2322 4161 2378 4212 et
2416 4158 2763 4229 approbanda
2813 4158 2870 4211 in
2907 4159 3020 4212 offi-

364 4237 490 4292 cina
524 4237 722 4307 Populi
757 4237 987 4291 Romani
1026 4279 1038 4292 .
1080 4280 1090 4292 .
1133 4279 1144 4291 .
1196 4238 1433 4309 imprimi
1471 4242 1526 4292 et
1561 4238 1829 4308 impressa
1882 4238 2157 4306 divulgari
2190 4238 2515 4309 jusserimus
2532 4281 2544 4304 ,
2602 4256 2666 4292 ac
2703 4241 2766 4291 ut
2803 4238 2870 4291 ad
2910 4256 3020 4292 ma—

355 4318 535 4389 jorem
574 4316 1020 4372 Christifidelium
1058 4359 1070 4371 .
1113 4360 1124 4371 .
1166 4360 1176 4372 .
1217 4317 1655 4372 commoditatem
1693 4318 1795 4372 hoc
1833 4322 1993 4372 Juris
2035 4320 2299 4372 Canonici
2339 4320 2547 4386 Corpus
2582 4318 2816 4372 fideliter
2853 4321 2909 4371 et
2944 4318 3021 4371 in-

362 4400 618 4467 corrupte
647 4395 811 4466 juxta
847 4397 1126 4467 exemplar
1149 4396 1239 4451 hic
1263 4397 1468 4451 Romae
1493 4397 1817 4467 impressum
1854 4415 1887 4451 a
1913 4397 2197 4452 catholicis
2232 4396 2593 4469 typographis
2628 4439 2639 4450 .
2682 4440 2692 4450 .
2735 4440 2746 4451 .
2784 4396 3024 4466 imprimi

362 4476 567 4548 possit:
618 4476 732 4530 Nos
776 4479 1072 4547 opportune
1122 4477 1408 4547 providere
1444 4477 1693 4531 volentes
1709 4520 1722 4541 ,
1773 4481 1837 4531 ut
1873 4477 1976 4532 hoc
2014 4482 2119 4532 Jus
2160 4480 2492 4532 Canonicum
2543 4477 2623 4531 sic
2660 4481 3023 4547 expurgatum

363 4558 434 4612 ad
473 4574 660 4611 omnes
695 4556 895 4625 ubique
922 4556 1314 4611 christifideles
1351 4560 1558 4611 sartum
1595 4560 1804 4611 tectum
1828 4558 2128 4627 perveniat,
2167 4576 2232 4612 ac
2268 4575 2336 4611 ne
2370 4557 2623 4626 cuiquam
2647 4556 2813 4611 liceat
2848 4557 3023 4612 eidem

364 4635 515 4708 operi
553 4635 844 4705 quicquam
880 4637 1079 4691 addere
1095 4679 1108 4702 ,
1163 4637 1255 4690 vel
1290 4637 1580 4691 immutare
1596 4678 1609 4702 ‚
1648 4640 1747 4691 aut
1781 4636 2072 4703 invertere,
2114 4679 2125 4691 .
2167 4680 2178 4692 .
2221 4680 2232 4692 .
2272 4637 2369 4693 sed
2406 4640 2566 4707 prout
2602 4636 2659 4690 in
2696 4636 2801 4691 hac
2836 4641 3024 4691 nostra

362 4717 513 4772 Urbe
537 4716 712 4770 Roma
746 4733 891 4770 nunc
926 4716 1252 4787 impressum
1288 4717 1410 4782 fuit,
1450 4735 1665 4787 semper
1704 4721 1760 4771 et
1795 4722 2058 4788 perpetuo
2096 4717 2370 4785 integrum
2410 4720 2465 4770 et
2502 4716 2874 4787 incorruptum
2901 4735 3021 4771 000-

363 4801 647 4852 servetur:
686 4796 841 4850 Motu
877 4796 1120 4867 proprio“
1165 4800 1268 4852 eto.
