3355 5328
1364 304 1545 359 Sectio
1582 305 1647 358 V.
1705 304 1738 371 ἓ
1777 303 1896 357 144.
2861 297 2966 357 207

488 466 671 544 Quod
695 471 954 551 spectat
977 469 1062 533 ad
1086 469 1530 553 inscriptiones
1562 470 1630 532 et
1654 468 2013 531 summaria
2035 463 2343 548 capitum,
2377 464 2463 528 ad
2486 461 2783 528 rubricas
2805 462 2968 529 titu-

306 567 519 631 lorum
566 570 634 631 et
681 566 763 631 ad
805 570 1079 651 qlossani
1125 568 1535 631 ordinariam
1563 564 1757 646 hujus
1805 561 2224 641 collectioniS‚
2275 562 2355 626 de
2386 560 2488 625 his
2505 561 2631 626 ‘illo
2663 565 2968 645 respectu

309 664 540 730 eadem
562 664 807 743 valent,
835 685 1003 746 quae
1028 685 1230 747 supra
1248 662 1336 747 (p.
1361 664 1506 740 158.
1525 662 1698 744 sqq.)
1721 662 1800 726 de
1826 660 2207 726 collectione
2234 658 2639 741 Gregoriana
2664 658 2965 725 diximus,

626 863 665 949 ξ
713 861 855 931 144.
948 864 1298 952 Praecipui
1345 862 1795 931 commentarii
1841 862 1911 928 in
1955 862 2126 930 hanc
2173 861 2642 958 collectionem.

487 1033 594 1096 Ex
654 1031 784 1097 illis
843 1031 1004 1097 viris
1066 1030 1338 1100 eruditis
1358 1080 1372 1108 ,
1435 1028 1545 1112 qui
1607 1029 2111 1094 commentarios
2145 1049 2288 1102 ¹seu
2346 1030 2634 1096 lecturas
2687 1030 2755 1095 in
2800 1030 2971 1095 hanc

312 1130 759 1196 collectionem
807 1133 1272 1206 exaraverunt,
1321 1149 1480 1212 prae
1528 1127 1766 1194 ceteris
1812 1127 2218 1194 memorandi
2264 1131 2451 1195 sunt:

495 1230 551 1294 1.
604 1230 980 1294 Guitielmus
1038 1230 1115 1293 de
1160 1228 1374 1292 Monte
1417 1228 1744 1291 Lauduno
1805 1224 1949 1307 (cfr.
1999 1247 2061 1309 p.
2117 1225 2292 1308 194.)
2306 1278 2325 1310 ,
2400 1226 2715 1304 „Lectura
2748 1248 2973 1311 super

312 1325 764 1391 Clementinis“
805 1325 846 1415 ¹.
2521 1357 2524 1360 ¹

493 1426 552 1489 2.
601 1425 979 1489 Zenzetinus
1027 1426 1105 1488 de
1155 1424 1463 1488 Cassanis
1509 1420 1655 1502 (cfr.
1706 1443 1768 1505 p.
1823 1421 2033 1505 194.),
2108 1420 2519 1505 „Apparatus
2585 1443 2782 1506 super
2828 1422 2971 1487 Cle-

312 1520 656 1586 mentinis“
694 1519 738 1588 ².

494 1621 554 1685 3.
605 1620 964 1704 Stephanus
1009 1619 1435 1684 Prouincialis
1448 1669 1468 1702 ,
1532 1618 1696 1683 alias
1742 1617 2008 1699 ignotus
2028 1668 2041 1695 ,
2102 1617 2515 1701 „Apparatus
2555 1618 2630 1682 'in
2676 1618 2972 1684 Clemen-

315 1717 554 1783 tinas“.
647 1717 854 1784 Paris,
910 1720 1081 1783 1514
1109 1715 1151 1783 ³.

494 1818 554 1881 4.
590 1817 819 1881 Petrus
846 1818 924 1881 de
946 1818 1204 1900 StaynO,
1237 1815 1504 1881 natione
1531 1815 1776 1891 Gallus,
1804 1814 1971 1897 juris
1997 1814 2290 1879 canonici
2313 1814 2381 1878 in
2405 1814 2760 1882 Academia
2784 1816 2979 1880 Mon-

314 1913 403 1979 tis
434 1913 776 1979 Pessulani
809 1913 1280 1998 (Montpellier)
1327 1913 1681 1998 professor,
1728 1914 1969 1978 florens
2013 1913 2222 1996 primo
2270 1912 2533 1980 dimidio
2566 1934 2737 1980 saec.
2771 1914 2969 1991 XIV„

328 2011 870 2095 „Reportationes
917 2034 1114 2096 super
1160 2011 1614 2078 Clementinis“
1650 2010 1696 2077 ⁴.

498 2112 556 2175 5.
606 2112 835 2175 Petrus
868 2111 1297 2194 Bertrandus,
1338 2111 1497 2193 jamv
1524 2130 1724 2193 supra
1769 2108 1944 2175 inter
1991 2112 2539 2175 commentatores
2574 2109 2753 2174 Libri
2785 2109 2974 2176 Sexti

318 2199 739 2285 memoratuS,
799 2208 1043 2292 „Super
1089 2207 1544 2274 Clementinis“
1581 2206 1626 2273 ⁵.

499 2308 556 2371 6.
606 2307 832 2391 Lapus
887 2308 1118 2379 Tactus
1165 2305 1485 2389 (Tactus),
1543 2305 1700 2370 item
1747 2305 1921 2371 inter
1968 2308 2517 2371 commentatores
2563 2305 2740 2370 Libri
2789 2305 2974 2372 Sexti

317 2404 644 2483 laudatae,
689 2404 934 2488 „Super
957 2403 1439 2481 Clementinis“,
1475 2404 1585 2485 qui
1609 2403 2116 2477 commentarius
2148 2425 2280 2469 una
2311 2424 2458 2468 cum
2481 2404 2622 2487 ejus
2648 2425 2977 2470 commen-

320 2502 491 2567 tario
539 2502 607 2565 in
651 2502 918 2590 Librum
968 2503 1242 2567 Sextum
1289 2502 1533 2586 prodiit
1578 2502 1830 2568 Romae
1882 2503 2072 2567 1589.

500 2603 559 2667 7.
610 2601 980 2667 Matthaeus
1019 2602 1383 2683 Romanus,
1435 2599 1779 2666 canonista
1826 2621 1996 2666 saec.
2045 2599 2244 2679 XIV„
2295 2600 2374 2666 de
2422 2603 2641 2666 cetero
2689 2600 2974 2683 ignotUS,

333 2699 649 2777 „Lectura
698 2721 895 2783 super
941 2691 1396 2765 Clementinis“
1433 2695 1477 2765 ⁶.

501 2799 563 2862 8.
610 2798 858 2863 Paulus
919 2800 997 2863 de
1054 2799 1422 2882 Liazariis,
1485 2797 1706 2882 patria
1769 2787 2199 2862 Bononiensis
2247 2796 2317 2879 (†
2355 2797 2587 2880 1356),
2662 2798 2979 2875 „Lectura

323 2915 520 2985 super
567 2894 1019 2960 Clementinis“
1059 2894 1099 2961 ⁷.
2022 2966 2027 2971 ,

505 2995 562 3058 9.
613 2994 899 3058 Joannes
962 2995 1378 3075 CalderinuS,
1436 2992 1716 3058 Joannis
1776 2992 2083 3058 Andreae
2140 2993 2312 3058 filius
2373 2993 2755 3077 adoptivuS,
2812 2994 2979 3077 juris

325 3090 616 3155 canonici
675 3090 744 3155 in
798 3091 1251 3179 Universitate
1298 3091 1694 3155 Bononiensi
1752 3091 2088 3174 professor
2134 3089 2203 3173 (†
2240 3091 2472 3174 1365),
2546 3092 2789 3176 „Super
2836 3093 2979 3159 Cle-

323 3189 714 3266 mentinas“,
764 3210 992 3273 porro:
1053 3189 1473 3268 „Additiones
1506 3211 1704 3273 super
1742 3189 2280 3255 commentarium
2313 3190 2921 3256 Clementinarum.“
2954 3190 2979 3228 8

509 3289 608 3352 10.
658 3288 943 3352 Joannes
991 3290 1069 3353 de
1116 3289 1180 3353 S.
1234 3289 1532 3372 GeoryiO,
1588 3287 1756 3370 juris
1810 3287 2104 3352 canonici
2149 3288 2218 3353 in
2263 3288 2717 3354 Universitate
2763 3290 2980 3354 Bono-

324 3384 532 3450 niensi
577 3384 913 3469 professor
959 3385 1029 3468 (†
1059 3389 1212 3470 post
1259 3408 1316 3451 a.
1358 3384 1575 3468 1378),
1635 3385 2177 3469 „Reportationes
2225 3408 2422 3471 super
2453 3386 2903 3453 Clementinis“
2933 3385 2978 3454 ⁹.

508 3486 608 3548 11.
645 3484 1024 3566 Bonifaeius
1050 3486 1129 3549 de
1151 3486 1469 3568 Vitalinis,
1503 3483 1723 3568 patria
1744 3483 2163 3562 Mantuanus,
2197 3485 2363 3568 prof.
2392 3486 2520 3568 jur.
2549 3507 2689 3550 can.
2724 3485 2792 3549 in
2814 3485 2981 3551 Uni-

325 3580 751 3646 versitatibus
782 3582 1107 3647 Patavina
1139 3587 1206 3647 et
1239 3582 1699 3659 Avenionensi,
1711 3606 1714 3609 ⁴
1749 3583 1890 3648 fior.
1940 3603 2108 3648 saec.
2143 3584 2341 3661 XIV„
2387 3583 2884 3660 „Commentarii
2913 3584 2982 3648 in

327 3679 828 3745 constitutiones
849 3680 1201 3746 Clementis
1224 3682 1445 3765 Papae
1468 3681 1586 3747 V.“
1603 3681 1745 3759 ,ed.
1761 3681 1973 3763 Lugd.
2006 3682 2270 3747 15221n
2294 3681 2404 3748 fol.
2434 3686 2502 3748 et
2525 3683 2760 3748 Venet.
2789 3684 2978 3749 1574.

510 3780 610 3843 12.
659 3779 945 3844 Joannes
994 3781 1071 3844 de
1114 3781 1433 3864 Liqnano‚
1488 3779 1825 3863 professor
1862 3780 2029 3862 juris
2077 3780 2370 3846 canonici
2415 3780 2484 3845 in
2529 3780 2982 3847 Universitate

327 3875 722 3940 Bononiensi
770 3874 839 3957 (†
877 3875 1095 3959 1383),
1155 3877 1472 3954 „Lectura
1517 3898 1717 3960 super
1762 3876 2214 3944 Clementinis“
2256 3874 2324 3944 ¹⁰.

510 3975 612 4039 13.
646 3975 1040 4040 Laurentius
1074 3977 1152 4040 de
1173 3976 1367 4059 Pinu,
1400 3975 1646 4060 patria
1641 3975 2090 4059 BononiensiS,
2117 3976 2285 4059 juris
2317 3976 2610 4041 canonici
2640 3976 2708 4041 in
2731 3978 2980 4044 Bonon.

326 4070 780 4137 Universitate
825 4071 1158 4155 professor
1205 4072 1274 4155 (†
1312 4072 1530 4155 1397),
1590 4054 2132 4157 „Reportationes
2178 4095 2375 4158 super
2421 4075 2874 4140 Clementinis“
2910 4075 2983 4142 ¹¹.

511 4172 613 4235 14.
663 4170 948 4235 Joannes
993 4172 1344 4254 Fantuzzi,
1400 4170 1566 4255 juris
1628 4172 1920 4237 canonici
1973 4172 2040 4236 in
2088 4172 2539 4238 Universitate
2587 4173 2984 4239 Bononiensi

329 4268 663 4352 professor
709 4266 779 4350 (†
817 4268 1034 4351 1391),
1095 4270 1411 4346 „Lectura
1456 4291 1653 4353 super
1700 4270 2153 4336 Clementinis“
2195 4269 2263 4338 ¹².

512 4466 531 4499 ²
571 4464 798 4531 Schulte,
814 4458 937 4516 ‘Die
976 4462 1304 4517 Geschichte
1343 4465 1438 4517 der
1476 4463 1718 4529 Quellen,
1756 4467 1885 4519 tom.
1924 4464 1991 4518 II.
2032 4484 2081 4535 p.
2126 4466 2243 4518 197.

511 4544 532 4578 ²
571 4545 782 4596 Schulte
805 4543 842 4597 1.
870 4562 914 4597 c.
942 4561 993 4613 p.
1023 4545 1142 4598 199.
1325 4545 1346 4580 ⁸
1385 4546 1596 4597 Schulte
1619 4545 1655 4597 l.
1685 4562 1730 4597 c.
1756 4563 1808 4614 p.
1835 4544 1954 4598 200.
1983 4562 2064 4613 sq.
2246 4544 2269 4578 ⁴
2305 4546 2518 4607 Schulte
2540 4545 2577 4597 l.
2605 4562 2651 4598 c.
2678 4562 2729 4614 p.
2756 4545 2877 4598 201.
2900 4562 2982 4613 sq.

513 4624 534 4658 ⁵
572 4623 843 4677 Schultel.
872 4641 917 4677 c.
944 4642 995 4694 p.
1023 4624 1144 4677 236.
1325 4626 1347 4661 ⁶
1386 4626 1598 4677 Schulte
1621 4625 1658 4678 1.
1688 4642 1732 4677 c.
1760 4643 1810 4694 p.
1838 4625 1960 4678 239.
1987 4643 2068 4695 sq.
2242 4628 2261 4661 ‘¹
2300 4627 2512 4679 Schulte
2547 4626 2583 4679 l.
2624 4643 2669 4679 c.
2708 4643 2759 4695 p.
2798 4626 2920 4680 247.

512 4703 533 4739 ⁸
572 4703 842 4757 Schultel.
870 4722 915 4758 c.
943 4722 994 4773 p.
1021 4705 1142 4758 249.
1325 4707 1346 4742 ⁹
1385 4706 1596 4758 Schulte
1619 4704 1655 4758 1.
1684 4723 1730 4759 c.
1756 4723 1807 4774 p.
1836 4706 1957 4759 253.
2220 4708 2265 4742 ¹⁰
2304 4708 2515 4759 Schulte
2550 4706 2586 4760 1.
2626 4724 2671 4760 c.
2710 4725 2762 4776 p.
2801 4706 2923 4761 260.

486 4785 531 4819 ¹¹
570 4785 842 4839 Schultel.
870 4803 915 4840 c.
943 4804 993 4855 p.
1021 4786 1143 4840 263.
1301 4786 1344 4821 ¹²
1383 4788 1595 4840 Schulte
1618 4786 1654 4839 1.
1684 4804 1730 4840 c.
1757 4804 1807 4856 p.
1837 4787 1958 4840 265.
1986 4803 2066 4855 sq.
