3355 5328
1349 306 1526 378 Caput
1560 307 1654 361 VI.
1709 306 1741 374 ἓ
1778 308 1864 360 41.
2863 309 2931 362 65

457 466 505 531 Ι.
570 466 976 532 Censuerunt
1023 468 1455 533 Illustrissimi
1515 467 1927 544 CardinaleS‚
1991 470 2065 531 ut
2084 517 2098 544 ,
2162 466 2528 549 ubicunque
2578 468 2931 534 Gratianus

270 565 1054 648 propriamsententiam,
1103 587 1234 631 non
1267 565 1375 631 SS.
1416 567 1687 631 Patrum
1735 565 2113 631 testimonia
2158 565 2483 649 proponit,
2532 566 2740 632 lector
2787 589 2928 633 cer-

271 663 406 728 tior
453 662 786 740 reddatur,
836 685 966 729 non
1015 665 1223 729 solum
1270 663 1443 729 illius
1490 664 1752 729 nomine
1798 664 1865 728 in
1895 663 2193 744 margine
2224 663 2347 728 hac
2379 667 2537 728 nota
2570 664 2930 748 descripto·
2936 680 2938 683 ’

283 761 506 838 „.Grat
518 765 542 792 “
559 811 572 838 ,
635 762 750 826 sed
796 766 1107 844 typorum
1155 762 1573 839 diversitate,
1640 762 1872 844 quibus
1918 761 2123 825 verba
2171 760 2468 875 Gratiani
2517 763 2599 827 ab
2647 764 2931 828 auctori-

272 859 528 924 tatibus
576 856 686 924 SS.
736 860 1010 925 Patrum
1058 860 1563 942 distinguantur.

458 956 540 1022 ΙΙ.
591 956 862 1034 Quoties
912 957 1265 1023 Gratianus
1310 957 1379 1021 in
1427 961 1743 1022 contextu
1792 958 1910 1021 sub
1943 956 2111 1021 falso
2144 977 2413 1021 numero
2445 956 2758 1022 librorum
2790 958 2931 1024 sive

271 1055 565 1138 capitum
601 1055 764 1121 citat
794 1056 939 1121 loca
986 1077 1070 1121 ex
1105 1056 1212 1122 SS.
1248 1056 1574 1133 Patribus,
1626 1059 2022 1120 censuerunt
2067 1055 2499 1120 Illustrissimi
2530 1053 2927 1136 CardinaleS,

270 1152 750 1217 correctionem
795 1152 1161 1218 faciendam
1210 1174 1353 1218 esse
1399 1153 1467 1217 in
1499 1156 1835 1218 contexta.
1893 1152 2133 1228 Quodsi
2167 1153 2310 1216 loca
2340 1152 2647 1236 proponit
2694 1154 2932 1220 omisso

271 1270 548 1315 numero
590 1250 902 1316 librorum
935 1251 1074 1315 sive
1107 1251 1416 1334 capitum,
1465 1251 1549 1327 id,
1601 1251 1772 1333 quod
1805 1272 1845 1315 a
1880 1249 2194 1315 Gratiano
2227 1251 2759 1333 praetermissum
2809 1256 2930 1330 est,

272 1348 710 1431 supplendum
756 1369 901 1413 esse
947 1348 1015 1435 in
1061 1349 1376 1431 margine.

457 1446 569 1511 ΙΙΙ.
621 1446 1026 1512 Censuerunt
1071 1446 1505 1512 Illustrissimi
1551 1446 1929 1511 Cardinales
1947 1497 1961 1525 ,
2021 1445 2326 1526 quoniam
2373 1446 2722 1512 manifesto
2771 1448 2934 1513 satis

273 1547 570 1620 constat,
624 1544 1007 1610 Gratianum
1062 1567 1192 1610 non
1240 1544 1456 1610 omnia
1502 1546 1647 1610 loca
1670 1595 1685 1622 ,
1750 1565 1917 1626 quae
1962 1544 2300 1627 proponit,
2364 1544 2800 1628 desumpsisse
2850 1568 2932 1610 ex

274 1642 653 1707 auctoribus
701 1643 904 1708 sacris
923 1694 936 1720 ,
999 1643 1115 1708 sed
1163 1665 1247 1708 ex
1295 1643 1439 1708 aliis
1487 1642 1898 1708 decretorum
1946 1641 2371 1725 scriptoribus
2391 1693 2404 1720 ,
2473 1643 2583 1724 qui
2630 1643 2771 1727 ipso
2818 1667 2934 1709 ve-

272 1740 592 1805 tustiores
636 1739 923 1819 fuerunt,
971 1745 1047 1806 ut
1087 1740 1587 1806 concordantiae
1629 1761 1854 1806 omnes
1888 1740 2161 1805 aliorum
2195 1740 2713 1821 decretistarum,
2764 1744 2936 1826 apud

276 1859 444 1920 quos
475 1859 757 1903 canones
789 1860 829 1903 a
862 1839 1178 1905 Gratiano
1209 1839 1528 1923 propositi
1548 1839 1903 1915 habentur,
1951 1838 2018 1902 in
2049 1838 2345 1919 margine
2393 1838 2777 1905 indicentur.
2860 1841 2935 1905 Id

276 1936 453 2017 quod
471 1956 788 2018 perquam
811 1937 973 2002 utile
991 1936 1285 2002 futurum
1307 1957 1450 2001 esse
1468 1936 1846 2020 judicarunt
1868 1937 2102 2001 horum
2121 1936 2482 2001 studiorum
2510 1938 2931 2005 amatoribus.

460 2034 571 2099 IV.
623 2034 1028 2100 Censuerunt
1058 2034 1488 2100 Illustrissimi
1529 2034 1926 2111 Cardinales,
1975 2034 2163 2100 initia
2211 2055 2530 2099 canonum
2577 2035 2718 2100 sive
2775 2037 2935 2113 „Pa-

273 2131 596 2208 learum“,
658 2133 774 2197 sed
820 2153 1029 2215 neque
1078 2133 1369 2197 ordinem
1417 2154 1457 2198 a
1505 2132 1821 2198 Gratiano
1869 2132 1934 2196 in
1979 2131 2108 2196 illis
2156 2132 2596 2197 describendis
2642 2135 2936 2217 proposi-

274 2233 420 2294 tum
440 2279 455 2306 ,
502 2229 683 2294 nulla
729 2229 984 2296 ratione
1032 2251 1176 2295 esse
1222 2231 1699 2296 immutandum
1718 2281 1731 2307 ,
1793 2233 2067 2314 propter
2113 2229 2613 2295 commentarios
2662 2235 2729 2296 et
2776 2232 2935 2297 alle-

274 2325 583 2406 gationes
606 2327 997 2404 Doctorum3
1033 2328 1148 2392 sed
1171 2332 1432 2393 tantum
1457 2328 1896 2393 correctiones
1920 2327 1988 2391 in
2012 2326 2308 2408 margine
2334 2347 2478 2391 esse
2505 2329 2932 2395 annotandas.

457 2424 537 2489 V.
600 2423 783 2500 Quod
830 2425 1071 2492 attinet
1117 2425 1202 2490 ad
1249 2446 1363 2491 eas
1409 2446 1627 2503 voces,
1677 2446 1847 2507 quae
1894 2424 2179 2505 alioquin
2228 2424 2653 2506 corrigendae
2700 2429 2769 2492 et
2812 2426 2936 2491 im-

272 2522 633 2587 mutandae
694 2527 914 2588 essent
932 2574 945 2601 ,
1007 2524 1133 2588 nisi
1197 2524 1419 2606 glossa
1467 2523 1710 2605 aliquid
1771 2526 2070 2588 notasset
2088 2573 2101 2599 ,
2166 2522 2465 2588 diversae
2526 2523 2793 2590 fuerunt
2840 2524 2935 2588 di-

271 2619 491 2685 versis
549 2621 953 2706 temporibus
999 2621 1595 2688 Illustrissimorum
1654 2622 1930 2687 Patrum
1995 2620 2382 2686 sententiae.
2478 2621 2769 2687 Tandem
2832 2623 2935 2688 die

276 2720 384 2783 16.
418 2719 719 2784 Januarii
756 2722 925 2785 1570
957 2724 1108 2803 post
1138 2721 1403 2802 longam
1435 2720 1942 2803 disputationem
1977 2719 2313 2784 definitum
2345 2719 2489 2797 fuit,
2525 2721 2696 2801 quod
2736 2742 2932 2787 voces

274 2837 506 2881 omnes
552 2817 951 2899 glossarum,
1009 2819 1077 2882 in
1124 2818 1354 2901 quibus
1400 2818 1709 2883 videlicet
1754 2838 1794 2882 a
1840 2819 2208 2899 glossatore
2256 2817 2499 2899 aliquid
2547 2822 2934 2885 annotatum

273 2918 403 2993 est,
455 2936 572 2980 eae
602 2914 672 2979 in
703 2919 1018 2981 contextu
1049 2916 1476 2994 retineantur,
1525 2916 1593 2980 in
1624 2915 1922 2997 margine
1954 2936 2112 2980 vero
2145 2919 2457 2980 notentur
2488 2915 2653 2980 haec
2697 2918 2933 2982 verba:

273 3012 471 3095 (vera
528 3012 789 3096 lectio),
860 3018 1011 3098 post
1073 3034 1240 3097 quae
1305 3014 1526 3079 verior
1584 3014 1698 3078 illa
1771 3014 1966 3078 lectio
2028 3012 2476 3089 describatur;
2550 3013 2745 3095 idque
2805 3038 2936 3081 non

273 3110 413 3176 alia
461 3110 539 3176 de
587 3131 803 3189 causa,
852 3112 977 3177 nisi
1025 3113 1105 3177 ob
1154 3112 1658 3179 commentarios
1707 3115 1775 3177 et
1822 3110 2252 3193 allegationes
2298 3112 2675 3178 Doctorum.

459 3210 571 3275 VI.
622 3209 1028 3276 Oensuerunt
1074 3209 1504 3276 Illustrissimi
1535 3209 1932 3287 CardinaleS,
1981 3209 2354 3274 notationes
2398 3210 2539 3274 fieri
2587 3211 2825 3275 debere
2869 3211 2937 3275 in

272 3309 427 3372 loca
473 3307 848 3372 obscuriora
897 3308 1213 3387 Gratiani,
1262 3308 1653 3391 praesertim
1701 3307 1768 3371 in
1801 3328 1899 3385 ea,
1950 3328 2117 3388 quae
2163 3307 2230 3371 in
2276 3328 2538 3372 sensum
2580 3329 2620 3373 a
2650 3309 2935 3374 veritate

274 3409 349 3471 et
395 3404 522 3470 fide
570 3405 892 3471 catholica
939 3405 1222 3471 alienum
1268 3405 1537 3471 fuerunt
1581 3406 2041 3489 interpretata.
2107 3403 2347 3480 Quodsi
2387 3406 2761 3471 notationes
2792 3407 2934 3472 lon-

273 3503 502 3587 giores
547 3502 698 3581 sint,
749 3525 944 3585 quam
992 3525 1160 3586 quae
1204 3505 1272 3569 in
1319 3503 1615 3586 margine
1663 3502 1941 3569 describi
1986 3502 2259 3586 possint,
2310 3524 2421 3567 eas
2468 3504 2742 3568 seorsim
2791 3525 2935 3569 esse

272 3601 616 3667 faciendas
677 3605 745 3667 et
791 3602 977 3684 signo
1025 3603 1242 3684 aliquo
1288 3604 1603 3668 lectorem
1650 3602 1733 3666 ad
1780 3601 1926 3666 illas
1973 3600 2436 3665 remittendum
2460 3652 2475 3678 ,
2538 3601 2661 3666 hoc
2706 3603 2934 3668 modo:

273 3698 461 3782 (vide
506 3699 924 3783 notationes).

461 3797 606 3862 VII.
654 3797 786 3863 Ubi
819 3798 1173 3864 Gratianus
1202 3802 1512 3864 truncata
1556 3799 1721 3875 loca,
1772 3801 1840 3863 et
1886 3817 2015 3861 non
2047 3796 2309 3878 integra
2341 3818 2426 3862 ex
2458 3797 2661 3861 sacris
2692 3799 2937 3864 Docto-

274 3895 463 3961 ribus
508 3895 833 3980 proponit,
881 3896 936 3960 si
969 3896 1212 3978 aliquid
1243 3895 1709 3980 praetermisit,
1760 3896 1930 3977 quod
1962 3894 2402 3959 necessarium
2448 3895 2770 3974 videatur,
2820 3918 2935 3962 seu

276 3993 457 4076 quod
503 3992 587 4057 ad
632 3992 1138 4060 illustrationem
1185 3994 1358 4059 illius
1404 3994 1531 4059 loci
1576 3994 1799 4072 faciat,
1851 3997 2263 4071 censuerunt,
2312 3994 2743 4077 supplendum
2791 4015 2935 4060 esse

277 4112 372 4157 ex
417 4091 791 4157 auctoribus
839 4091 1060 4158 sacris,
2503 4139 2506 4142 v

462 4188 639 4253 VIII.
672 4189 908 4254 Paleas
927 4210 1339 4272 nequaquam
1361 4211 1505 4255 esse
1529 4190 1873 4267 tollendas,
1901 4189 2015 4253 sed
2039 4192 2300 4254 tantum
2320 4188 2593 4254 diversis
2613 4190 2791 4273 typis
2820 4191 2937 4267 „ab

277 4286 787 4353 auctoritatibus
819 4292 1194 4353 sanctorum
1226 4289 1531 4353 Patrum“
1580 4291 1649 4354 et
1682 4310 1721 4353 a
1754 4287 1943 4352 dictis
1979 4286 2275 4352 Gratiani
2308 4308 2452 4352 esse
2500 4288 2935 4353 excudendas

463 4386 574 4453 IX.
622 4387 901 4451 Errores
949 4385 1246 4451 Gratiani
1307 4407 1347 4451 a
1393 4386 1615 4467 glossa
1670 4389 1740 4451 et
1785 4385 2177 4450 Doctoribus
2225 4385 2714 4450 animadversos
2733 4436 2747 4463 ,
2813 4385 2938 4450 nisi

277 4484 531 4566 aliquid
577 4484 1008 4569 supplendum
1053 4483 1426 4549 necessario
1473 4483 1580 4562 sit,
1628 4504 1760 4548 non
1808 4504 1952 4548 esse
2000 4482 2278 4566 amplius
2323 4483 2666 4548 notandos

462 4582 541 4648 X.
605 4581 1071 4665 Inscriptiones
1132 4581 1252 4646 sub
1318 4582 1578 4647 nomine
1624 4580 1894 4647 Martini
1941 4581 2065 4646 ΡΡ.
2088 4630 2102 4659 ,
2165 4580 2464 4663 quamvis
2523 4580 2664 4646 fere
2712 4602 2938 4647 omnes

276 4680 706 4748 inveniantur
766 4680 940 4765 apud
985 4680 1376 4758 Martium,
1438 4681 1914 4745 Bracarensem
1978 4678 2379 4762 episcopum,
2440 4678 2508 4742 in
2555 4679 2938 4745 collectione

277 4781 425 4848 sive
474 4778 777 4863 capitulis
824 4778 1222 4861 synodorum
1254 4798 1662 4862 graecarum,
1713 4780 2105 4842 censuerunt
2134 4776 2576 4843 immutandas
2607 4798 2738 4842 non
2770 4799 2934 4844 esse.

385 4894 608 4932 Laui-in
625 4919 638 4938 ,
674 4892 854 4940 corpus
875 4892 1011 4939 juris.
1038 4901 1137 4931 can.
2489 4880 2523 4933 5
