3355 5328
1333 310 1513 365 sectio
1549 311 1619 367 11.
1671 311 1705 379 ς
1743 313 1827 366 77.
2806 309 2904 365 141

438 471 850 553 „Gregorius,
900 472 1284 557 Episcopus,
1330 494 1562 539 servus
1595 494 1937 540 servorum
1965 473 2110 550 Dei,
2161 470 2415 537 dilectis
2444 469 2595 536 filiis
2627 468 2910 535 doctori-

246 570 372 634 bus
420 573 488 636 et
535 570 939 636 scholaribus
985 569 1311 637 universis
1341 568 1677 638 Bononiae
1711 570 2263 637 commorantibus
2309 568 2592 634 salutem
2638 570 2707 633 et
2752 588 2911 651 apo-

250 667 553 734 stolicam
599 667 1140 736 benedictionem.

440 765 622 843 „Rex
666 765 974 850 pacificus
1004 766 1026 806 ¹
1074 766 1185 850 pia
1230 766 1654 834 miseratione
1704 767 2022 852 disposuit
2070 766 2194 832 sibi
2225 764 2521 831 subditos
2552 763 2695 829 fore
2726 762 2914 848 pudi-

246 884 360 929 cos
386 861 431 941 ²,
480 863 785 947 pacificos
811 860 836 900 ³
883 868 950 930 et
994 865 1326 932 honestos.
1423 865 1550 932 Sed
1597 867 1920 932 effrenata
1966 864 2290 949 cupiditas
2314 863 2360 942 ⁴,
2410 862 2512 927 sui
2562 861 2840 945 prodiga
2865 860 2910 939 ⁵,

246 959 431 1045 pacis
478 962 739 1027 aemula
763 963 808 1040 ⁶,
857 962 1141 1028 materia
1168 961 1190 998 ⁷
1231 962 1618 1047 jurgiorum,
1666 967 1771 1030 tot
1802 962 2091 1046 quotidie
2136 982 2310 1027 nova
2354 959 2570 1042 litigia
2614 962 2912 1041 generat,

247 1062 324 1125 ut
341 1109 357 1138 ,
420 1058 544 1124 nisi
596 1058 883 1143 justitia,
920 1065 1195 1127 conatus
1256 1062 1396 1145 ejus
1456 1083 1577 1128 sua
1635 1062 1888 1128 virtute
1932 1060 2321 1144 reprimeret
2368 1062 2436 1124 et
2491 1057 2910 1141 quaestiones

245 1156 454 1241 ipsius
479 1157 505 1195 ⁸
549 1156 901 1241 implicitas
927 1155 952 1197 ⁹
1013 1158 1376 1242 explicaret
1393 1209 1408 1238 ,
1450 1160 1559 1243 jus
1603 1159 1873 1225 humani
1920 1158 2204 1224 foederis
2233 1153 2285 1196 ¹⁰
2338 1155 2747 1238 litigatorum
2795 1155 2911 1219 ab·

247 1275 408 1319 usus
470 1253 925 1336 exstingueret
948 1305 962 1334 ,
1031 1259 1100 1322 et
1167 1257 1321 1323 dato
1381 1257 1598 1323 libello
1664 1257 1917 1342 repudii
1945 1256 1995 1295 ¹¹
2058 1260 2252 1322 extra
2313 1254 2537 1319 mundi
2599 1252 2917 1319 terminos

249 1352 576 1419 exularet.
670 1352 955 1436 Ideoque
999 1353 1111 1419 lex
1154 1355 1454 1438 proditur
1482 1352 1554 1434 ¹²,
1615 1360 1691 1422 ut
1752 1354 2084 1439 appetitus
2144 1352 2381 1419 noxius
2438 1353 2557 1417 sub
2597 1351 2764 1435 juris
2811 1371 2915 1415 re-

248 1450 413 1533 gula
443 1450 785 1529 limitetur,
833 1472 951 1534 per
983 1473 1177 1534 quam
1208 1449 1257 1490 ¹³
1303 1473 1512 1534 genus
1541 1453 1919 1531 humanum,
1967 1457 2042 1518 ut
2072 1453 2347 1517 honeste
2377 1450 2584 1528 vivat,
2633 1449 2915 1514 alterum

247 1570 386 1615 non
431 1548 675 1627 laedat,
717 1550 827 1632 jus
873 1570 1061 1616 suum
1106 1550 1453 1633 unicuique
1497 1551 1770 1629 tribuat,
1818 1550 2212 1616 informatur
2242 1547 2313 1615 ¹⁴.

444 1646 650 1725 „Sane
674 1644 726 1686 ¹⁵
795 1646 1091 1713 diversas
1153 1648 1653 1715 constitutiones
1717 1653 1785 1715 et
1848 1649 2211 1715 decretales
2274 1646 2588 1731 epistolas
2612 1642 2664 1685 ¹⁶
2725 1665 2917 1728 prae-

250 1743 673 1810 decessorum
772 1750 1148 1812 nostrorum
1175 1797 1189 1826 ,
1285 1747 1353 1811 in
1444 1747 1707 1813 diversa
1797 1746 2125 1832 dispersas
2194 1745 2528 1811 volumina
2570 1742 2659 1822 ¹⁷,
2755 1763 2916 1825 qua-

251 1903 536 1970 (Pc‘thou),
572 1901 746 1956 Paris,
789 1902 943 1967 1687,
980 1906 1037 1956 et
1072 1902 1270 1958 iterum
1312 1904 1447 1958 1695
1484 1904 1621 1958 haec
1657 1903 1810 1958 bulla
1846 1920 2068 1973 prorsus
2106 1903 2274 1956 deest.
2316 1932 2382 1940 —
2420 1902 2484 1954 In
2520 1899 2755 1954 editione
2793 1897 2917 1952 Cor·

249 1981 403 2053 poris
433 1981 540 2052 jur.
581 1999 696 2035 can.
716 2024 728 2046 ,
768 1985 957 2036 curata
994 2000 1028 2036 a
1065 1984 1206 2038 Just.
1245 1986 1504 2051 Henninq
1539 1986 1790 2053 Bahmer,
1827 1983 2002 2037 Halae
2043 1983 2177 2037 1747
2196 2025 2209 2047 ,
2252 1981 2431 2052 posita
2468 1984 2554 2034 est
2589 1980 2646 2033 in
2680 1983 2810 2033 tom.
2848 1977 2916 2031 Π.

251 2062 489 2117 Dissert.
531 2061 706 2116 altera
742 2061 775 2129 ἓ
813 2062 951 2128 XV„
988 2063 1232 2133 prolegg.
1271 2083 1322 2135 p.
1361 2064 1558 2120 XXIX.
1598 2081 1680 2133 sq.

439 2144 458 2177 ¹
499 2144 662 2196 Joan.
702 2144 970 2212 Andreae,
1009 2142 1240 2197 Novella
1278 2148 1580 2208 comment„
1619 2144 1677 2197 in
1716 2143 1964 2212 Gregorii
1997 2143 2090 2197 IX.
2128 2142 2336 2196 bullam
2372 2140 2630 2211 publicat.
2668 2141 2786 2192 Rex
2813 2155 2918 2206 pa-

253 2225 459 2292 cificus,
497 2241 551 2276 v.
589 2224 724 2287 Rex,
763 2222 803 2277 Ι.
842 2241 894 2277 n.
933 2223 983 2277 3.
1028 2222 1151 2292 (fol.
1183 2225 1233 2278 5.
1273 2225 1372 2279 col.
1415 2225 1520 2293 1.):
1565 2225 1656 2291 „Id
1694 2228 1795 2290 est,
1833 2224 1996 2288 DeuS,
2034 2241 2223 2294 paoem
2257 2221 2511 2276 faciens.“

438 2303 460 2338 ²
499 2301 584 2356 Gl.
624 2303 693 2356 ad
730 2301 783 2356 h.
822 2321 902 2356 v.:
947 2303 1038 2369 „Id
1075 2306 1176 2369 est,
1216 2306 1444 2359 castoS.“

442 2383 462 2417 ³
501 2381 586 2436 Gl.
627 2382 696 2435 ad
733 2381 786 2436 h.
824 2400 908 2437 v.:
968 2382 1059 2447 „Id
1098 2385 1211 2447 est,
1258 2400 1449 2454 pacem
1486 2383 1872 2438 custodientes.
1947 2383 2102 2438 Unde
2142 2382 2307 2436 etiam
2345 2379 2541 2435 dicitur
2583 2378 2681 2446 (sc.
2720 2376 2919 2431 Matth.

253 2462 309 2527 5,
349 2460 461 2529 9.):
504 2461 678 2526 ‚Beati
715 2461 943 2532 pacifici,
982 2462 1235 2531 quoniam
1278 2463 1378 2517 filii
1414 2463 1516 2517 Dei
1552 2464 1955 2518 vocabuntur‘.“

441 2541 467 2576 ⁴
505 2544 668 2595 Joan.
709 2544 964 2596 Andreae
999 2542 1035 2597 l.
1076 2560 1121 2596 c.
1159 2561 1212 2596 n.
1252 2544 1332 2598 6.:
1384 2544 1500 2610 „Ad
1537 2543 1948 2598 similitudinem
1986 2543 2112 2612 equi
2149 2541 2384 2597 effreni.“

445 2622 464 2657 ⁵
503 2620 590 2677 Gl.
627 2640 681 2677 v.
710 2624 985 2691 prodiqa:
1026 2622 1175 2689 „Non
1213 2623 1388 2679 solum
1424 2642 1622 2689 rerum,
1666 2625 1763 2680 sed
1801 2623 1969 2680 etiam
2006 2625 2184 2679 famae
2222 2621 2345 2692 quis
2382 2623 2469 2676 est
2503 2617 2809 2691 prodigus.“
2851 2645 2923 2655 —-

258 2701 406 2770 ‚Sed
441 2702 500 2755 in
524 2720 603 2767 eo,
641 2704 783 2771 quod
809 2703 943 2758 dicit
956 2706 1195 2772 prodiya
1209 2746 1226 2773 ,
1264 2704 1483 2759 videtur
1507 2704 1613 2759 sibi
1639 2705 1910 2760 contraria
1934 2705 2121 2759 littera
2145 2704 2281 2768 ista;
2321 2701 2449 2772 quia
2473 2701 2644 2772 primo
2671 2699 2812 2753 dixit
2834 2716 2925 2751 cu-

241 2784 466 2852 piditas
472 2802 496 2850 ,·
521 2782 664 2851 quia,
686 2782 779 2852 qui
798 2786 885 2837 est
903 2787 1144 2852 cupidus,
1164 2803 1271 2838 non
1292 2788 1377 2839 est
1390 2788 1674 2854 prodiyus.
1716 2785 1805 2840 Sic
1823 2785 2094 2853 intellige:
2123 2787 2391 2853 cupiditas
2407 2783 2643 2836 refertur
2661 2781 2730 2834 ad
2748 2781 2923 2833 reten-

249 2863 466 2917 tionem
490 2863 886 2933 temporalium,
904 2866 1272 2933 prodiqalitas
1296 2866 1365 2920 ad
1391 2865 1802 2920 evacuationem
1821 2865 2105 2930 virtutum,
2134 2864 2262 2933 quia
2286 2880 2453 2918 unum
2479 2860 2705 2931 expellit
2724 2859 2918 2913 aliud.“

445 2944 467 2979 θ
505 2944 668 2997 Joan.
709 2945 964 2997 Andreae
999 2944 1036 2999 l.
1075 2962 1123 2999 c.
1160 2963 1213 2999 n.
1254 2946 1335 3000 7.:
1379 2946 1472 3011 „Id
1509 2949 1610 3011 est,
1648 2964 1840 3016 pacem
1877 2946 2111 3000 odiens.“

446 3023 466 3057 '¹
505 3022 654 3076 Idem
692 3040 781 3077 ac:
820 3041 987 3078 causa
1024 3041 1123 3082 seu
1160 3025 1388 3079 occasio.
1572 3028 1593 3062 ⁸
1631 3025 1717 3080 Sc.
1757 3027 2051 3080 effrenatae
2095 3023 2427 3095 cupiditati&

447 3102 469 3138 ⁹
506 3102 654 3156 Idem
692 3121 785 3157 ac:
823 3103 1133 3174 implicatas
1170 3122 1268 3159 seu
1305 3106 1581 3161 obscuras.

426 3182 470 3218 ¹⁰
507 3182 657 3237 Idem
695 3200 787 3238 ac:
827 3183 1096 3239 humanae
1133 3184 1413 3240 societatis
1450 3204 1549 3240 seu
1585 3186 1808 3241 humani
1844 3186 2076 3255 generis,

426 3263 469 3297 ¹¹
510 3261 595 3317 Gl.
633 3281 687 3317 v.
728 3265 902 3317 libello
939 3267 1188 3333 repudii.-
1230 3283 1421 3334 „quem
1459 3266 1587 3321 olim
1625 3267 1855 3321 maritus
1894 3267 2059 3321 dabat
2099 3265 2305 3320 uxori.“
2371 3263 2446 3318 Et
2470 3265 2634 3317 Joan.
2674 3263 2929 3315 Andreae

253 3344 291 3398 l.
334 3360 385 3398 c.
426 3360 479 3396 n.
522 3343 604 3396 14.
644 3343 750 3398 ait:
795 3343 1194 3415 „Metaphorice
1230 3345 1518 3415 loquitur.“

425 3423 471 3459 ¹²
507 3423 657 3476 Idem
695 3441 788 3478 ac:
828 3424 1076 3479 conditur
1112 3443 1210 3480 seu
1249 3426 1442 3481 editur.
1521 3426 1629 3481 cfr.
1670 3427 1796 3481 diet.
1838 3427 1990 3482 Grat.
2029 3426 2146 3480 init.
2185 3426 2249 3480 D.
2289 3425 2382 3479 IV.
2422 3427 2479 3478 et
2516 3441 2562 3477 c.
2605 3424 2651 3476 l.
2691 3421 2806 3475 ead.

426 3504 472 3539 ²³
510 3501 595 3557 Sc.
628 3503 771 3574 juris
806 3505 1070 3573 regulam.

428 3583 475 3618 ¹⁴
512 3582 621 3637 Cfr.
658 3583 695 3639 l.
738 3584 784 3639 1.
822 3584 887 3639 D.
927 3586 993 3639 de
1025 3585 1156 3656 just.
1197 3579 1255 3640 et
1284 3586 1391 3656 jur.
1430 3588 1472 3641 I.
1515 3588 1560 3641 1.
1630 3587 1792 3656 (Vide
1827 3587 1971 3641 infra
2009 3586 2236 3658 append.
2276 3603 2392 3655 cap.
2430 3585 2472 3638 Ι.
2512 3586 2613 3637 art.
2652 3581 2701 3636 3.
2741 3580 2774 3648 ἓ
2815 3579 2922 3647 15.)

428 3663 472 3698 ¹⁵
510 3665 673 3718 Joan.
712 3667 967 3719 Andreae
1000 3664 1036 3720 1.
1077 3683 1122 3720 c.
1160 3684 1213 3719 n.
1241 3666 1356 3720 22.:
1403 3666 1703 3733 „Narratio,
1740 3667 1797 3721 in
1836 3684 1943 3736 qua
1980 3667 2386 3721 commendatur
2422 3665 2523 3718 hoc
2560 3679 2695 3734 opus
2731 3659 2927 3731 princi-

257 3742 470 3815 paliter
507 3747 728 3813 propter
753 3745 874 3800 duo.
938 3745 1120 3799 Primo
1156 3750 1378 3816 propter
1416 3746 1758 3817 dispendium
1782 3747 2129 3816 antiquarum
2157 3745 2620 3801 constitutionum.
2684 3741 2927 3796 Secundo

255 3826 489 3896 propter
525 3823 819 3879 utilitatem
857 3843 1120 3879 novarum
1136 3868 1150 3890 ,
1188 3826 1271 3880 uti
1307 3826 1412 3881 ibi:
1464 3830 1787 3896 adjicientes.
1861 3828 2216 3897 Dispendium
2252 3845 2383 3882 vero
2422 3825 2768 3895 antiquarum
2805 3839 2927 3876 con-

255 3902 505 3960 sistebat
540 3902 711 3972 primo
747 3903 804 3958 in
843 3904 1163 3959 diversitate
1215 3906 1578 3971 voluminum3
1630 3909 1866 3962 secundo
1915 3908 1973 3961 in
2023 3907 2190 3961 nimia
2241 3906 2622 3969 similitudine;
2674 3902 2836 3958 tertio
2871 3901 2929 3953 in

257 3982 685 4048 contrarietate3
725 3987 918 4053 quarto
955 3985 1013 4038 in
1050 3985 1394 4056 prolixitate;
1448 3990 1505 4041 et
1541 4006 1612 4042 ex
1646 3987 1735 4042 his
1770 3990 2001 4057 quatuor
2035 3988 2392 4042 inducebatur
2428 3984 2701 4048 confusio;
2741 3982 2928 4051 quinto

255 4063 318 4117 in
341 4061 732 4117 incertitudine
759 4082 829 4119 ex
855 4064 1191 4132 curialitate;
1218 4066 1401 4121 omisit
1424 4071 1658 4133 sextum,
1700 4069 1765 4123 de
1788 4068 2132 4123 inutilitate.“
2187 4069 2297 4122 Cfr.
2324 4084 2489 4138 supra
2512 4084 2565 4136 p.
2596 4065 2713 4118 127.
2740 4065 2849 4116 not.
2877 4061 2926 4113 2.

432 4144 475 4179 ¹⁶
514 4141 599 4195 Grl.
637 4161 691 4197 v.
730 4148 1153 4199 constitutiones:
1208 4147 1566 4212 „constitutio
1619 4151 1707 4202 est
1721 4191 1734 4214 ,
1788 4166 1951 4218 quam
1988 4149 2251 4218 Princeps
2300 4148 2435 4202 facit
2483 4144 2697 4217 proprio
2750 4144 2928 4203 motu;

258 4220 563 4276 decretalis
601 4221 831 4293 epistola
868 4228 969 4289 est,
1009 4227 1222 4294 quando
1257 4229 1550 4298 respondet
1586 4230 1656 4282 ad
1694 4229 2195 4284 consultationem.“

431 4303 475 4336 11
514 4301 623 4356 Sub
661 4303 856 4371 quibus
899 4304 1161 4370 „diversis
1197 4307 1592 4362 voluminibus“
1622 4308 2007 4377 intelligendas
2045 4327 2166 4364 esse
2204 4308 2441 4379 quinque
2474 4306 2751 4377 praefatas
2779 4302 2930 4355 Com·

257 4380 578 4454 pilationeS‚
613 4387 798 4438 monet
834 4387 997 4439 Joan.
1038 4388 1290 4440 Andreae
1324 4387 1362 4441 l.
1400 4405 1445 4441 c.
1485 4406 1538 4441 v.
1580 4390 1894 4458 Greyorius,
1931 4390 1972 4444 I.
1998 4408 2051 4444 n.
2082 4390 2182 4455 16.,
2222 4390 2433 4444 dicens:
2479 4388 2642 4453 „Post
2678 4382 2933 4453 compila-

255 4461 477 4516 tionem
513 4462 730 4518 Decreti
766 4465 970 4518 factam
1008 4482 1040 4519 a
1079 4465 1338 4520 Gratiano
1376 4467 1580 4521 multae
1620 4468 1921 4523 decretales
1960 4469 2221 4539 epistolae
2258 4470 2650 4523 emanaverunt
2686 4483 2720 4519 a
2753 4462 2931 4527 Curia,

259 4542 334 4597 de
377 4540 577 4609 quibus
615 4543 738 4598 Ber.
776 4543 921 4599 circa
958 4545 1110 4616 Papi.
1150 4547 1492 4617 praepositus
1507 4589 1521 4612 ‚
1573 4551 1765 4618 postea
1800 4549 2135 4603 Faventinus
2174 4548 2458 4620 episcopus
2474 4590 2488 4613 ,
2533 4546 2666 4601 fecit
2700 4544 2931 4616 primam

259 4621 712 4692 compilationem
727 4666 741 4688 ,
794 4626 1059 4693 quaedam
1096 4625 1321 4695 antiqua
1353 4627 1478 4697 jura
1526 4627 1915 4683 interserendo.
1989 4629 2124 4684 Post
2159 4629 2310 4683 illam
2348 4628 2488 4683 aliae
2525 4625 2825 4682 decretales
2862 4624 2931 4678 ab

260 4702 399 4758 aliis
449 4702 780 4772 Apostolicis
833 4706 923 4775 (=
959 4704 1195 4760 Summis
1244 4706 1627 4772 Pontificibus;
1681 4709 1780 4763 cfr.
1826 4727 1871 4763 c.
1913 4711 1961 4764 9.
2001 4709 2065 4764 D.
2103 4709 2370 4779 LXXIX.)
2426 4710 2787 4764 manaverunt
2802 4748 2815 4771 ,
2868 4705 2933 4759 de

260 4782 476 4853 quibus
529 4781 827 4839 Gilibertus
885 4785 1019 4840 fecit
1076 4786 1268 4851 aliam;
1328 4791 1452 4858 post
1500 4788 1656 4842 illum
1707 4789 1917 4844 Alanus
1978 4789 2141 4844 aliam
2191 4790 2325 4845 fecit
2340 4831 2354 4856 ‚
2411 4791 2477 4844 de
2529 4787 2725 4858 quibus
2776 4787 2811 4841 J
2813 4802 2931 4841 oan.
