3355 5328
378 313 450 367 48
1288 312 1425 366 Pars
1462 313 1503 366 I.
1555 312 1847 367 Decretum
1885 312 2147 367 Gratiani.

381 474 461 538 de
508 473 738 554 regula
784 470 1044 536 silentio
1092 473 1490 554 praeterisse
1521 472 1562 540 ¹.
1627 475 1703 540 Id
1751 476 1923 558 quod
1970 477 2199 542 eadem
2247 476 2327 541 de
2374 495 2574 539 causa
2621 473 2824 539 etiam
2871 471 3052 536 circa

380 574 596 637 totam
644 568 1130 634 distinctionem
1175 569 1467 637 LXXIII.
1517 571 1770 643 factum
1819 572 2024 639 fuisse
2069 576 2380 639 narratur
2405 568 2448 637 ².

560 676 740 753 Quae
787 696 932 740 cum
979 675 1528 759 praelectionibus
1575 680 2016 745 cohaerebant
2063 682 2457 765 repetitiones
2470 730 2488 762 ,
2561 681 2753 742 erant
2802 675 3053 758 disqui-

381 774 653 841 sitiones
701 778 769 840 et
816 773 1262 857 expositiones
1323 775 1596 859 alicujus
1643 781 1872 842 textus
1930 777 2215 843 iteratae
2262 781 2331 842 et
2374 775 2855 860 profundioreS,
2907 773 3053 856 qui-

379 873 501 937 bus
532 872 851 954 magister
883 893 1128 949 omneS,
1172 894 1339 955 quae
1372 877 1604 940 contra
1634 874 1817 939 illum
1848 879 2108 941 textum
2139 874 2610 959 proferrentur,
2646 871 3055 956 objectiones

384 990 727 1036 removere
774 973 843 1035 et
889 971 1148 1035 solvere
1195 972 1550 1053 satagebat
1576 969 1619 1038 ³.

561 1077 766 1141 Porro
800 1096 938 1154 eae,
990 1097 1157 1158 quae
1188 1078 1440 1160 pariter
1471 1078 1554 1143 ad
1590 1079 2069 1162 praelectiones
2117 1080 2534 1156 accedebant,
2586 1079 3056 1162 disputationes

380 1178 573 1240 erant
618 1174 917 1239 eruditae
978 1175 1470 1240 controversiae
1489 1226 1503 1253 ,
1566 1176 1800 1258 quibus
1848 1176 2069 1258 aliqua
2106 1176 2409 1260 juristica
2456 1174 2756 1258 quaestio
2776 1224 2791 1251 ,
2854 1193 3056 1257 prae-

380 1273 610 1338 sertim
658 1272 740 1337 ad
786 1271 1026 1354 praxin
1074 1272 1499 1338 ecclesiastici
1545 1273 1672 1338 fori
1719 1274 2055 1356 pertinens
2074 1324 2088 1352 ,
2156 1275 2240 1339 ab
2286 1295 2418 1338 una
2462 1276 2654 1356 parte
2700 1272 3056 1355 impugna-

379 1371 576 1435 batur
622 1373 690 1434 et
737 1370 820 1434 ab
869 1370 1082 1434 altera
1129 1369 1604 1436 defendebatur
1625 1371 1670 1438 ⁴.

558 1476 664 1540 Ad
712 1476 1128 1559 excipiendas
1173 1477 1342 1554 illas,
1393 1499 1560 1559 quae
1607 1499 1807 1562 super
1835 1480 2118 1543 Decreto
2165 1479 2233 1543 in
2264 1477 2660 1543 Bononiensi
2705 1475 3058 1542 Universi-

380 1578 524 1640 tate
569 1574 1014 1651 habebantur,
1077 1574 1554 1657 praelectiones
1602 1596 1688 1640 ex
1735 1575 2043 1641 universa
2088 1575 2230 1640 fere
2276 1576 2545 1659 Europa
2603 1574 2841 1655 ingens
2889 1572 3061 1637 mul-

379 1672 596 1738 titudo
644 1671 1117 1749 studiosorum,
1179 1673 1572 1755 praesertim
1620 1674 2021 1750 clericorum,
2076 1693 2430 1755 eorumque
2478 1672 2681 1737 etiam
2727 1671 2797 1735 in
2845 1671 3060 1736 eccle-

383 1770 667 1835 siasticis
700 1769 1129 1851 dignitatibus
1156 1769 1682 1847 constitutorum,
1716 1771 2079 1836 Bononiam
2111 1771 2483 1836 confluebat
2504 1769 2548 1847 ⁵,
2582 1770 2679 1834 ita
2710 1773 2786 1835 ut
2819 1789 3061 1832 versus

383 1869 581 1932 finem
627 1888 798 1933 saec.
842 1867 986 1932 XII.
1039 1868 1427 1949 quandoque
1473 1869 1664 1933 simul
1712 1870 1889 1934 ultra
1937 1869 2161 1933 decem
2206 1868 2413 1934 millia
2459 1867 2879 1944 scholarium,
2925 1865 3062 1949 juri

383 1965 557 2030 civili
605 1969 674 2030 et
720 1965 1033 2030 canonico
1080 1966 1476 2043 vacantium,
1526 1967 1860 2031 Bononiae
1909 1966 2199 2031 adfuisse
2245 1966 2547 2032 ferantur
2567 1963 2611 2031 ⁶.

563 2071 702 2148 Quo
748 2071 924 2137 inter
969 2075 1235 2137 caetera
1282 2072 1483 2137 etiam
1528 2073 1594 2137 id
1642 2074 1949 2139 effectum
1996 2077 2115 2150 est,
2165 2076 2240 2139 ut
2269 2074 2626 2138 Decretum
2676 2070 2990 2137 Gratiani
3022 2091 3064 2134 a

384 2170 808 2246 scholaribus„
859 2173 1012 2252 post
1061 2169 1279 2251 studia
1328 2170 1630 2236 absoluta
1677 2171 1746 2235 in
1800 2170 2086 2254 patriam
2135 2170 2419 2235 reversis
2439 2220 2452 2247 ‚
2504 2189 2623 2253 per
2672 2168 3063 2233 universam

383 2267 524 2333 fere
568 2269 902 2351 Europam
946 2267 1400 2348 divulgaretur
1446 2272 1515 2333 et
1557 2269 1638 2333 ab
1682 2269 1782 2346 iis,
1835 2268 1919 2333 ad
1957 2268 2404 2333 ecclesiastica
2453 2267 2670 2332 officia
2711 2265 3062 2350 promotiS,

385 2366 807 2431 adhiberetur
845 2369 913 2430 et
961 2365 1055 2430 sic
1095 2365 1278 2429 brevi
1316 2368 1614 2448 tempore
1655 2365 2015 2430 universim
2057 2365 2124 2430 in
2172 2365 2409 2448 praxin
2452 2365 2579 2429 fori
2624 2362 3065 2429 ecclesiastici

386 2464 808 2529 induceretur
841 2463 883 2528 ⁷.

570 2624 586 2657 ¹
624 2622 709 2675 Ita
746 2621 916 2674 refert
950 2620 1096 2673 idem
1133 2622 1366 2687 Rufinus
1400 2619 1459 2673 in
1495 2637 1595 2674 sua
1633 2622 1856 2675 Summa
1870 2660 1886 2689 ‚
1933 2620 2061 2674 dum
2098 2619 2164 2673 de
2201 2617 2560 2688 Paucapalea,
2599 2620 2899 2687 postquam
2937 2633 3063 2670 eum

384 2705 569 2771 partes
593 2701 813 2755 Decreti
839 2701 1070 2770 primam
1097 2702 1153 2753 et
1175 2700 1396 2753 tertiam
1421 2699 1478 2752 in
1503 2699 1878 2754 distinctiones
1912 2698 2270 2753 subdivisisse
2294 2701 2634 2762 narraverat,
2661 2696 2769 2751 ait:
2817 2696 3060 2761 „Nihilo-

383 2781 563 2834 minus
613 2780 780 2834 etiam
818 2780 1085 2849 quaedam
1137 2780 1354 2833 decreta
1403 2780 1681 2849 apposuit,
1735 2796 1874 2847 quae
1890 2821 1903 2843 ,
1950 2778 2080 2833 licet
2131 2797 2238 2832 non
2275 2778 2387 2832 sint
2423 2777 2647 2831 minoris
2686 2776 3062 2839 auctoritatis,

387 2879 551 2930 quam
588 2860 696 2914 alia
747 2860 836 2913 hic
886 2859 1080 2929 posita,
1117 2862 1317 2923 tamen,
1357 2859 1485 2927 quia
1522 2877 1554 2912 a
1591 2858 1876 2928 principali
1914 2862 2134 2913 auctore
2171 2859 2333 2929 hujus
2383 2858 2509 2912 libri
2544 2875 2655 2910 non
2691 2860 2823 2910 sunt
2861 2856 3065 2926 posita,

384 2959 491 2994 non
528 2940 832 3008 legunturf‘
918 2939 1101 3009 (Apud
1139 2941 1407 3007 Maassen,
1447 2939 1805 3008 Paucapalea,
1844 2958 1894 3008 p.
1933 2939 2055 2993 455.
2133 2938 2241 2993 cfr.
2285 2940 2527 3005 Schulte,
2579 2936 2682 2989 Die
2722 2936 3065 2991 Geschichte

386 3022 482 3074 der
519 3020 764 3085 Quellen,
801 3023 930 3073 tom.
968 3020 1009 3072 I.
1049 3037 1101 3088 p.
1141 3018 1286 3086 250.)

532 3135 537 3142 -
570 3103 588 3134 ²
625 3101 710 3153 Ita
747 3102 967 3153 notatur
1002 3099 1061 3152 in
1098 3098 1188 3153 cit.
1228 3098 1410 3152 codice
1435 3115 1535 3151 mS.
1563 3116 1704 3153 caes.
1744 3114 1857 3165 reg.
1885 3098 2010 3151 bibl.
2037 3097 2201 3168 palat.
2229 3097 2459 3152 Vindob.
2493 3097 2632 3165 (cod.
2659 3097 2757 3151 lat.
2786 3116 2841 3151 n.
2870 3096 3058 3164 2131.)

386 3181 456 3233 ad
494 3179 584 3233 cit.
624 3180 688 3232 D.
729 3179 970 3232 LXXIII.
1029 3177 1191 3247 (quae
1228 3181 1440 3240 tamen,
1493 3177 1575 3231 uti
1620 3178 1736 3249 jam
1773 3194 1938 3246 supra
1974 3177 2275 3240 innuimus,
2312 3176 2389 3231 ibi
2426 3195 2523 3246 per
2561 3194 2803 3230 errorem
2840 3177 3068 3245 signata

385 3263 472 3313 est
507 3277 652 3313 num.
680 3258 919 3325 LXXII.)
963 3258 1019 3311 in
1049 3258 1309 3325 margine.
1361 3258 1498 3311 Item
1534 3257 1590 3310 in
1617 3258 1800 3312 codice
1825 3275 1925 3311 ms.
1952 3257 2129 3311 Palat.
2150 3287 2219 3293 —
2240 3247 2417 3311 Vatic.
2457 3257 2680 3320 n.622.,
2719 3256 2779 3309 111
2818 3273 2929 3325 quo
2969 3256 3068 3309 illa

387 3339 664 3394 distinctio
708 3338 996 3407 (LXXIII.)
1039 3356 1260 3408 prorsus
1299 3339 1452 3392 deest
1489 3341 1545 3392 et
1578 3337 1636 3390 in
1674 3337 1919 3403 margine
1964 3336 2081 3390 loco
2118 3335 2268 3389 illius
2306 3336 2555 3405 apposita
2594 3338 2681 3389 est
2717 3339 2881 3411 nota:
2949 3335 3065 3401 „Di.

385 3420 629 3473 LXXIII.
652 3421 806 3473 deest
831 3422 887 3472 et
909 3436 1015 3471 non
1041 3417 1288 3485 legitur.“
1345 3417 1614 3486 (Phillips,
1641 3416 2051 3479 Kirchenrecht,
2076 3419 2204 3469 tom.
2225 3416 2318 3469 IV.
2346 3434 2397 3485 p.
2430 3416 2547 3469 160.
2574 3418 2685 3469 not.
2709 3415 2796 3469 37.
2803 3415 2823 3483 )
2878 3415 3065 3470 Etiam

386 3501 444 3554 in
471 3502 693 3553 Summa
718 3499 938 3553 Decreti
965 3501 1264 3551 Pariswnsz'
1306 3496 1426 3565 (cfr‚
1453 3514 1618 3567 supra
1644 3497 1677 3563 ὅ
1709 3496 1819 3562 18),
1857 3495 1951 3550 ubi
1986 3499 2112 3565 post
2135 3514 2179 3549 c.
2206 3494 2440 3549 Placuit.
2469 3495 2517 3548 3.
2559 3495 2622 3548 D.
2650 3495 2876 3549 LXXII.
2918 3495 3070 3550 circa

387 3580 527 3634 Dist.
565 3580 810 3634 LXXIII.
850 3582 978 3632 sunt
1013 3578 1149 3632 haec
1186 3580 1399 3631 notata:
1445 3576 1861 3644 „Quodcumque
1899 3575 2146 3643 sequitur
2181 3578 2307 3645 post
2340 3574 2443 3629 hoc
2469 3576 2751 3628 decretum
2776 3592 2961 3643 usque
2999 3576 3068 3629 ad

386 3660 540 3713 illam
565 3659 996 3729 paragraphum:
1039 3661 1335 3725 Quaeritur
1359 3660 1424 3709 de
1447 3658 1532 3709 his
1557 3659 1677 3719 etc„
1704 3655 2047 3725 Paucapalea
2071 3654 2338 3724 apposuit,
2365 3658 2421 3708 et
2444 3658 2710 3722 tanquam
2734 3654 2935 3709 inutile
2960 3673 3069 3709 non

388 3739 637 3806 legitur.“
713 3739 895 3808 (Apud
936 3739 1146 3791 Schulte
1159 3779 1176 3806 ‚
1231 3738 1334 3790 Zur
1373 3736 1702 3790 Geschichte
1754 3736 1850 3789 der
1886 3735 2162 3789 Literatur
2207 3735 2340 3787 iiber
2392 3734 2490 3787 das
2540 3734 2744 3788 Decret
2785 3734 3069 3789 Gratians.

391 3820 617 3873 Zweiter
654 3818 896 3885 Beitrag,
934 3818 991 3870 in
1028 3817 1142 3871 citt.
1181 3818 1362 3871 relatt.
1403 3833 1536 3869 sess.
1576 3819 1706 3869 tom.
1745 3815 1936 3869 LXIV.
1976 3834 2026 3884 p.
2070 3815 2212 3882 133.)

571 3900 592 3934 ⁸
632 3900 884 3965 Saviqny,
925 3896 1248 3949 Geschichte
1289 3896 1384 3949 des
1421 3902 1552 3947 rom.
1593 3895 1798 3948 Rechts
1833 3894 1910 3947 im
1945 3894 2297 3956 Mittelalter,
2335 3898 2463 3947 tom.
2504 3895 2597 3947 III.
2652 3912 2703 3963 p.
2745 3894 2874 3949 270.
2913 3912 3070 3963 sqq.;

393 3980 625 4045 Schulte‚
663 3976 765 4030 Die
804 3975 1131 4030 Geschichte
1171 3977 1266 4029 der
1303 3974 1546 4039 Quellen,
1584 3978 1713 4028 tom.
1752 3975 1820 4027 H.
1859 3992 1910 4043 p.
1948 3975 2071 4028 474.

570 4058 595 4093 ⁴
634 4058 870 4123 Saviyny
906 4055 942 4107 l.
982 4072 1026 4107 c.
1067 4074 1117 4124 p.
1157 4056 1279 4107 271.
1319 4071 1469 4122 sqq.;
1512 4055 1725 4107 Schulte
1760 4054 1795 4106 1.
1836 4071 1880 4106 c.
1920 4071 1971 4122 p.
2009 4054 2132 4107 474.
2172 4070 2253 4121 sq.

573 4138 594 4172 ⁵
630 4136 693 4189 Id
731 4135 873 4203 quod
908 4134 1027 4187 fieri
1063 4137 1292 4203 poterat,
1333 4151 1500 4202 quum
1537 4131 1745 4186 Summi
1780 4133 2073 4187 Pontifices
2111 4132 2324 4187 clericis
2340 4174 2353 4197 ,
2405 4133 2585 4186 studio
2623 4133 2941 4201 theologico
2980 4133 3073 4188 vel

393 4216 726 4272 canonistico
764 4215 820 4268 in
846 4213 1218 4269 Universitate
1256 4212 1551 4277 vacaturiS,
1592 4211 2047 4281 dispensationem
2084 4230 2117 4266 a
2149 4213 2271 4279 lege
2296 4212 2627 4266 residentiae
2651 4213 2711 4265 in
2747 4213 2873 4268 loco
2910 4214 3074 4267 bene·

392 4297 525 4363 ficii,
578 4297 627 4351 si
664 4314 772 4365 qua
823 4293 1301 4361 obstringebantur
1318 4336 1330 4357 ,
1378 4295 1625 4363 prompte
1676 4291 2045 4346 concederent.
2125 4292 2232 4345 Gfr.
2276 4294 2490 4344 Schulte
2525 4292 2562 4345 l.
2603 4311 2648 4345 c.
2689 4310 2743 4362 p.
2784 4294 2913 4348 458.
2954 4312 3071 4362 sq.;

394 4380 612 4445 Denifle
646 4377 684 4430 l.
724 4393 769 4430 c.
808 4393 859 4446 p.
901 4375 1021 4429 746.
1060 4392 1142 4443 sq.

576 4460 597 4494 ⁶
635 4458 934 4510 Nettebladt
951 4496 967 4523 ,
1019 4453 1182 4508 Initia
1231 4451 1493 4506 historiae
1541 4449 1819 4504 literariae
1863 4450 2126 4520 juridicae
2172 4450 2516 4504 universalis.
2591 4451 2772 4506 Halae
2810 4452 3077 4520 Magdeb.

399 4538 554 4601 1774,
592 4537 741 4591 Part.
782 4537 848 4589 II.
891 4553 942 4605 p.
981 4535 1102 4588 247.
1137 4550 1283 4602 sqq.;
1330 4532 1520 4599 Glitck,
1557 4528 1919 4596 Praecognita
1955 4529 2202 4583 uberiora
2240 4528 2387 4583 univ.
2422 4529 2898 4600 jurisprudentiae
2936 4532 3078 4587 eccl.

397 4617 667 4687 positivae
706 4616 1111 4671 Germanorum.
1186 4612 1362 4665 Halae
1404 4610 1558 4673 1786,
1596 4627 1647 4679 p.
1688 4609 1839 4672 292.;
1879 4610 2090 4661 Schulte
2125 4610 2162 4663 1.
2199 4627 2245 4663 c.
2285 4627 2334 4678 p.
2374 4609 2497 4663 458.
2538 4627 2661 4678 sqq.

580 4700 599 4731 '¹
640 4698 868 4765 Saltum,
906 4695 1010 4747 Zur
1047 4691 1377 4748 Geschichte
1417 4689 1512 4742 der
1547 4688 1824 4742 Literatur
1858 4689 1991 4742 fiber
2028 4690 2126 4742 das
2149 4689 2348 4743 Decret
2374 4689 2653 4744 Gratians.
2707 4690 2927 4745 Dritter
2953 4690 3080 4745 Bei-

398 4781 541 4845 trag,
578 4777 638 4829 in
674 4776 789 4831 citt.
829 4775 1011 4829 relatt.
1050 4791 1186 4828 sess.
1225 4776 1355 4827 tom.
1395 4769 1560 4823 LXV.
1598 4787 1649 4838 p.
1690 4769 1775 4822 21.
1814 4785 1933 4837 sqq.
