3355 5328
1358 306 1539 363 Sectio
1574 307 1669 362 III.
1726 307 1761 375 5
1800 307 1917 364 101.
1960 307 2077 365 102.
2936 309 3036 365 171

381 466 828 551 Gregorianae
857 468 1162 549 insertas,
1194 469 1263 536 in
1294 489 1416 535 sua
1457 469 1782 547 „Lectura
1805 489 2003 553 super
2026 468 2323 553 Quinque
2350 469 2565 535 Libris
2594 468 3038 535 Decretalium

381 565 682 650 Gregorii
726 567 949 652 Papae
994 568 1173 646 IX.“,
1216 568 1356 651 jam
1402 584 1603 651 supra
1649 564 1739 651 (p.
1795 565 1971 649 161.)
2017 567 2307 639 laudata.

557 675 617 740 4.
680 674 912 739 Petrus
973 675 1053 739 de
1109 675 1461 760 Sampsone
1473 724 1492 758 ,
1555 694 1758 758 supra
1820 671 1909 756 (p.
1964 675 2109 740 148.
2176 679 2312 741 not.
2363 673 2454 757 4.)
2515 673 2857 751 laudatus,
2927 673 3039 782 (1111

376 771 717 873 praefatas
764 771 1129 838 decretales
1190 776 1257 838 et
1318 769 1821 837 constitutiones
1880 770 2102 855 Papae
2158 771 2509 837 Innocentii
2564 772 2603 835 1
2611 772 2679 836 V.
2747 769 3038 849 seorsim,

377 870 506 934 non
548 867 930 935 collectioni
976 867 1403 935 decretalium
1450 867 1900 950 Gregorianae
1944 867 2251 946 insertas,
2301 863 2751 952 explanavit.
2709 865 2730 907 ¹
2819 918 2822 921 -

557 975 617 1040 5.
666 974 904 1059 Abbas,
938 978 1372 1058 cognomento
1407 976 1771 1061 antiquae,
1725 973 1752 1014 ²
1814 974 1925 1057 qui
1954 974 2177 1060 plures
2208 973 2351 1059 (36)
2385 975 2708 1042 dictarum
2741 976 3039 1041 decreta-

376 1070 535 1138 lium
592 1075 662 1138 et
715 1072 1275 1151 constitutionum,
1331 1072 1399 1138 in
1453 1072 1851 1158 peculiarem
1898 1072 2349 1139 collectionem
2394 1073 2700 1140 redactas
2722 1123 2737 1153 ,
2799 1096 2927 1138 non
2970 1072 3040 1137 in

380 1170 831 1237 collectionem
881 1170 1354 1253 Gregorianam
1398 1170 1705 1249 insertas,
1756 1169 2114 1254 explicavit
2132 1166 2178 1237 ³.

560 1278 620 1344 6.
669 1278 973 1343 Boetinus
1037 1298 1154 1343 seu
1206 1278 1555 1362 Reatinae,
1620 1276 1841 1361 patria
1904 1278 2304 1343 Mantuanus
2322 1328 2336 1357 ,
2390 1278 2559 1363 juris
2619 1276 2914 1344 canonici
2971 1277 3041 1344 in

380 1373 838 1442 Universitate
862 1375 1189 1442 Patavina
1234 1375 1569 1460 professor
1614 1373 1685 1457 (†
1722 1374 1921 1458 1300)
1948 1373 1992 1454 ⁴,
2042 1375 2152 1458 qui
2199 1376 2562 1444 decretales
2609 1381 2676 1443 et
2723 1375 3040 1442 constitu-

377 1472 592 1539 tiones
637 1474 859 1558 Papae
892 1475 1244 1540 Innocentii
1275 1475 1414 1558 IV„
1464 1478 1735 1540 numer‘o
1785 1475 1889 1552 72,
1939 1474 2169 1539 eadem
2215 1474 2472 1541 ratione
2519 1496 2597 1539 ac
2632 1473 2816 1558 Papa
2845 1475 3041 1539 Inno-

379 1570 633 1637 centius
657 1571 769 1637 IV.
806 1571 965 1657 ipse,
1001 1571 1365 1638 collectioni
1394 1570 1841 1654 Gregorianae
1876 1571 1996 1637 sub
2034 1572 2553 1656 competentibus
2590 1571 2802 1639 titulis
2832 1573 3042 1637 inser-

378 1672 506 1748 tas,
543 1668 867 1753 exposuit,
903 1672 972 1736 et
997 1669 1256 1754 quidem
1287 1669 1354 1735 in
1379 1691 1500 1735 sua
1535 1669 1851 1748 „Lectura
1883 1690 2080 1754 super
2111 1670 2476 1736 decretales
2510 1670 2811 1753 Gregorii
2840 1670 2966 1736 IX“
2993 1666 3039 1737 ⁵.

379 1878 420 1966 ξ
465 1875 593 1947 101.
657 1878 1084 1947 collectiones
1118 1878 1552 1947 decretalium
1589 1830 1668 1947 'et
1707 1879 2245 1947 constitutionum
2277 1880 2499 1968 Papae
2531 1880 2898 1949 Alexandri
2928 1881 3019 1947 IV
3022 1930 3040 1949 .

558 2049 781 2115 Etiam
829 2049 1193 2117 decretales
1241 2054 1310 2117 et
1355 2049 1859 2116 constitutiones
1897 2048 2118 2134 Papae
2150 2051 2516 2115 Alea-andri
2546 2051 2663 2116 IV.
2714 2048 2847 2131 (12.
2880 2050 3038 2117 Dec.

385 2148 558 2212 1254
623 2169 683 2214 u.
751 2147 837 2213 ad
885 2149 990 2215 25.
1039 2148 1199 2233 Maji
1252 2148 1450 2232 1261)
1510 2148 1579 2212 111
1624 2170 1826 2213 unum
1874 2149 2191 2214 collectae
2239 2152 2392 2214 sunt
2407 2199 2427 2231 ,
2479 2152 2547 2214 et
2595 2147 2854 2230 quidem
2901 2151 3041 2215 tum

381 2245 629 2328 absque
677 2245 1087 2330 appositione
1133 2245 1541 2312 rubricarum
1586 2245 1931 2314 titulorum
1978 2245 2380 2313 collectionis
2430 2244 2875 2327 Gregorianae
2893 2295 2908 2323 ,
2958 2244 3041 2311 ad

386 2364 552 2426 quos
599 2345 921 2427 spectant,
970 2347 1111 2411 tum
1160 2366 1306 2411 cum
1352 2343 1614 2409 illarum
1658 2343 2067 2425 *rubricarum
2130 2335 2559 2429 appositione.
2653 2343 3044 2428 Hujusmodi

386 2440 859 2520 collectionem,
909 2445 977 2509 et
1023 2441 1283 2525 quidem

557 2555 638 2623 A.
671 2556 919 2639 absque
951 2556 1375 2624 adnotatione
1405 2555 1748 2623 titulorum
1773 2556 2175 2624 collectionis
2200 2556 2666 2638 Gregorianae,
2705 2559 2784 2621 19
2813 2555 3039 2622 decre—

377 2654 552 2722 tales
585 2653 742 2721 dicti
764 2654 988 2741 Papae
1020 2656 1583 2741 complectentem,
1618 2676 1655 2721 e
1687 2654 1911 2738 regiae
1935 2654 2369 2722 bibliothecae
2391 2654 2595 2739 palat.
2629 2653 3043 2721 Monacensis

380 2752 603 2820 codice
648 2774 769 2819 ms.
819 2752 961 2836 (lat.
1014 2775 1078 2821 n.
1132 2756 1280 2821 213.
1329 2754 1493 2820 mbr.
1543 2774 1714 2821 saec.
1763 2754 1939 2820 XIII.
1991 2754 2061 2819 in
2091 2752 2296 2835 XIV.)
2345 2752 2686 2848 evulgavit
2715 2754 2965 2819 Schulte
2990 2750 3037 2819 ⁶.

558 2862 634 2927 B.
693 2860 911 2928 Aliam
959 2860 1411 2928 collectionem
1457 2860 1883 2927 decretalium
1917 2865 1987 2927 et
2034 2860 2574 2927 constitutionum
2618 2860 2839 2945 Papae
2883 2859 3041 2925 Ale·

379 2958 620 3025 xandri
649 2959 785 3039 IV„
835 2980 983 3025 cum
1020 2958 1446 3026 adnotatione
1492 2960 2003 3043 competentium
2049 2958 2393 3026 titulorum
2439 2957 2839 3025 collectionis
2878 2958 3042 3024 Gre-

381 3056 698 3140 gorianae
714 3107 730 3136 ,
807 3058 887 3122 16
936 3057 1301 3123 decretales
1361 3061 1430 3123 et
1490 3056 1995 3123 constitutiones
2060 3056 2218 3123 dicti
2277 3056 2499 3139 Papae
2516 3105 2531 3135 ,
2597 3055 2665 3120 in
2712 3057 2751 3122 8
2811 3055 3042 3122 titulos

382 3153 768 3221 distributas
785 3204 800 3233 ,
849 3154 1527 3239 comprehendentem,
1575 3154 1751 3220 idem
1797 3155 2047 3221 Schulte
2069 3152 2092 3192 ⁷
2139 3174 2175 3218 0
2219 3153 2655 3220 bibliothecae
2698 3152 3042 3221 Universi-

380 3252 545 3320 tatis
590 3252 1021 3336 Erlangensis
1067 3251 1290 3318 codice
1334 3274 1454 3318 ms,
1506 3251 1596 3334 (n.
1647 3253 1798 3318 464.
1847 3252 1990 3336 fol.)
2036 3251 2416 3336 publicavit.

440 3439 481 3527 ξ
529 3437 666 3509 102.
760 3442 1067 3511 collectio
1117 3442 1552 3512 decretalium
1598 3443 1667 3511 et
1715 3442 2253 3511 constitutionum
2298 3442 2518 3530 Papae
2566 3440 2816 3509 Urbani
2860 3441 2974 3508 IV.

563 3604 732 3670 Item
764 3603 1327 3671 collectiunculam
1358 3602 1548 3669 unius
1581 3604 1930 3670 decretalis
1977 3608 2045 3670 et
2077 3603 2267 3670 unius
2300 3602 2788 3671 constitutionis
2820 3602 3042 3688 Papae

380 3700 629 3766 Urbani
674 3702 790 3768 IV.
839 3700 973 3784 (29.
1021 3700 1192 3784 Aug.
1248 3703 1572 3768 1261—2.
1624 3701 1855 3769 Octob.
1911 3703 2148 3784 1264),
2214 3723 2490 3784 quarum
2547 3701 2728 3786 prior
2781 3699 3041 3785 incipit:

567 3905 587 3938 ¹
627 3904 855 3972 Schulte,
891 3902 994 3957 Die
1029 3902 1369 3968 Deci-etalem
1405 3903 1443 3957 l.
1482 3921 1529 3958 0.
1568 3921 1619 3974 p.
1660 3904 1781 3959 770.
1819 3921 1932 3973 sq.;
1972 3906 2137 3972 Idem,
2174 3902 2433 3970 Beitrage
2469 3920 2565 3957 zur
2600 3902 2876 3956 Literatur
2911 3902 3045 3956 tiber

382 3983 471 4040 die
520 3982 845 4038 Decretalen
894 3983 1133 4051 Gregors
1170 3983 1263 4037 IX.
1316 3986 1456 4047 0130.,
1509 3982 1569 4038 111
1618 3982 1735 4038 citt.
1791 3983 1973 4039 relatt.
2031 4000 2166 4037 sess.
2218 3985 2347 4037 tom.
2392 3982 2637 4037 LXVIII.
2676 4000 2727 4052 p.
2766 3983 2853 4038 87.
2892 3998 3041 4051 sqq.;

384 4065 550 4133 Idem,
587 4062 689 4117 Die
727 4062 1056 4118 Geschichte
1092 4063 1188 4118 der
1225 4062 1471 4129 Quellen,
1508 4066 1637 4118 tom.
1675 4063 1745 4129 II.
1783 4082 1834 4134 p.
1878 4064 1996 4119 109.
2035 4080 2117 4132 sq.

565 4144 585 4178 ²
626 4142 735 4197 cfr.
774 4160 941 4214 supra
977 4162 1028 4214 p.
1072 4142 1190 4199 148.
1229 4146 1340 4197 not.
1381 4144 1430 4197 5.

565 4225 586 4258 ⁸
625 4224 854 4294 Schulte,
890 4223 993 4278 Die
1017 4223 1359 4288 Decretalen‚
1396 4223 1433 4277 l.
1472 4241 1518 4277 0.
1557 4240 1609 4294 p.
1638 4224 1759 4278 767.
1786 4240 1937 4293 sqq.;
1977 4226 2143 4292 Idem,
2179 4222 2437 4290 Beitrage
2474 4241 2570 4277 zur
2600 4221 2876 4275 Literatur
2911 4221 3046 4275 iiber

383 4303 472 4359 die
508 4303 833 4358 Decretalen
871 4303 1110 4372 Gregors
1146 4303 1241 4358 IX.
1281 4307 1402 4368 0130.,
1439 4302 1476 4357 l.
1516 4321 1561 4358 0.
1601 4321 1653 4373 p.
1694 4304 1780 4358 96.
1819 4320 1933 4373 sq.;
1972 4305 2135 4373 Idem,
2173 4302 2275 4357 Die
2313 4302 2642 4357 Geschichte
2678 4301 2774 4355 der
2799 4300 3043 4367 Quellen,

380 4388 512 4440 tom.
550 4384 619 4438 H.
658 4401 709 4454 p.
753 4384 872 4438 132.

562 4465 587 4499 ⁴
625 4465 854 4535 Schulte,
891 4463 993 4518 Die
1031 4463 1359 4519 Geschichte
1399 4464 1493 4517 der
1530 4462 1776 4529 Quellen,
1813 4466 1941 4517 tom.
1980 4463 2049 4516 ΙΙ.
2089 4481 2140 4533 p.
2183 4464 2301 4517 157.
2339 4479 2460 4531 sqq.

565 4544 587 4580 ⁵
626 4545 855 4614 Schulte,
892 4543 993 4598 Die
1018 4542 1358 4609 Decretalen,
1396 4543 1432 4597 l.
1471 4561 1517 4598 0.
1557 4561 1609 4613 p.
1637 4543 1758 4598 771.
1794 4560 1947 4611 sqq.;
1985 4545 2148 4613 Idem,
2186 4541 2444 4609 Beitrage
2480 4559 2577 4595 zur
2599 4540 2877 4595 Literatur
2911 4541 3045 4594 fiber

384 4623 470 4678 die
508 4623 832 4678 Decretalen
869 4623 1109 4691 Gregors
1146 4623 1238 4676 IX.
1280 4626 1401 4687 etc„
1438 4623 1475 4677 1.
1515 4640 1560 4677 0.
1600 4640 1651 4693 p.
1680 4624 1766 4677 99.
1794 4640 1945 4691 sqq.;
1983 4624 2147 4693 Idem,
2185 4621 2286 4677 Die
2314 4620 2642 4678 Geschichte
2681 4621 2776 4674 der
2800 4619 3043 4685 Quellen,
3157 4669 3160 4672 Α

381 4709 512 4759 tom.
552 4703 620 4758 H.
659 4722 709 4773 p.
754 4704 871 4759 158.
911 4721 993 4773 sq.
1070 4702 1179 4766 Cfr.
1219 4720 1387 4773 supra
1423 4720 1474 4773 p.
1518 4703 1635 4758 162.

565 4785 587 4820 ⁶
624 4783 725 4837 Die
761 4783 1100 4848 Decretalen,
1142 4782 1180 4837 l.
1220 4800 1266 4836 c.
1306 4801 1357 4853 p.
1397 4783 1518 4837 712.
1556 4799 1640 4851 sq.
1826 4785 1844 4817 '¹
1883 4782 1943 4837 L.
1983 4800 2027 4836 c.
2068 4800 2119 4852 p.
2160 4782 2279 4837 713.
2319 4798 2401 4849 sq.
