3355 5328
1423 354 1602 411 Sectio
1639 357 1707 411 V.
1764 354 1797 423 ἓ
1838 355 1957 411 129.
2919 353 3027 411 197

362 513 510 580 liari
554 516 735 581 bulla
765 518 850 582 ad
892 519 1420 583 Aurelianensem
1449 516 1993 594 Universitatem,
2042 536 2258 598 quam,
2308 515 2462 598 quia
2507 515 2575 581 in
2616 515 2763 600 ipsa
2794 515 3030 582 studiis

362 617 741 692 vacaverat,
775 614 1044 699 speciali
1067 614 1298 680 favore
1320 616 1844 698 prosequebatur
1862 615 1903 692 ¹,
1936 635 2058 679 nec
2081 635 2212 679 non
2235 614 2321 679 ad
2344 615 2778 680 Parisiensem
2808 617 3029 680 trans-

358 709 557 789 misit,
592 712 845 794 quibuS,
887 716 963 778 ut
992 714 1117 779 hac
1142 712 1523 779 collectione
1547 713 1615 777 in
1638 712 1900 797 judiciis
1932 715 2002 778 et
2032 711 2100 776 in
2124 711 2362 777 scholis
2395 715 2760 791 uterentur,
2793 711 3028 777 iisdem

358 807 501 873 fere
526 810 748 875 verbis
766 811 1127 888 mandavit,
1153 831 1232 877 ac
1253 810 1393 894 ejus
1416 810 1959 894 praedecessores
1979 811 2384 875 Innocentius
2402 812 2444 876 I
2452 812 2520 876 V.
2525 862 2544 894 ,
2574 811 2922 896 Greyorius
2936 811 3024 877 X.

360 909 431 973 et
447 907 756 973 Nicolaus
771 909 898 975 III.
923 907 1070 991 (cfr.
1096 929 1297 993 supra
1318 930 1427 992 pp.
1450 909 1595 974 168.
1614 907 1788 991 sqq.)
1812 908 1879 973 id
1904 908 1983 973 de
2004 907 2494 974 collectionibus
2514 908 2650 973 suis
2669 908 2969 974 fecerant
2980 905 3025 975 ².

537 1004 748 1081 Quum
795 1010 1015 1071 autem
1061 1006 1130 1071 in
1175 1007 1300 1071 hac
1347 1004 1730 1072 collectione
1789 1027 1946 1071 mox
2005 1025 2248 1087 graves
2310 1005 2606 1072 defectus
2664 1005 3027 1090 deprehen-

360 1101 595 1181 disset,
662 1124 809 1169 eam
868 1104 1145 1172 ulterius
1194 1103 1494 1186 evulgari
1539 1102 1755 1170 vetuit
1800 1123 2076 1186 eamque
2131 1103 2342 1169 denuo
2389 1104 2718 1169 recenseri
2765 1107 2835 1170 et
2881 1124 3027 1169 cor-

357 1199 487 1282 rigi
525 1201 726 1284 jussit
746 1252 761 1279 ‚
826 1206 1027 1284 atque
1074 1201 1479 1285 exemplaria
1525 1202 1693 1285 ejus,
1749 1202 1889 1285 Jam
1937 1201 2270 1283 evulgata,
2318 1202 2402 1267 ab
2448 1202 2528 1267 iis
2547 1251 2561 1280 ,
2625 1201 2735 1284 qui
2782 1221 2862 1267 ea
2906 1201 3029 1267 ha-

358 1298 607 1364 bebant
624 1347 638 1376 ‚
688 1299 810 1364 sub
868 1320 1082 1384 poena
1141 1299 1834 1365 excommunicationis
1877 1298 2056 1366 intra
2102 1303 2354 1364 certum
2401 1304 2662 1383 tempus
2709 1298 3025 1365 Gamerae

356 1394 780 1479 Apostolicae
824 1397 1106 1476 restitui,
1155 1397 1264 1462 vel
1310 1397 1513 1463 deleri
1558 1396 1899 1464 mandavit
1918 1394 1962 1464 ³.
2033 1396 2410 1478 Antequam
2456 1401 2680 1463 autem
2724 1397 3021 1463 recensio

320 1496 426 1559 .et
473 1494 791 1559 correctio
837 1494 952 1561 illa
997 1495 1296 1579 perfecta
1341 1498 1537 1573 esset,
1587 1494 1728 1580 ipse
1777 1495 1881 1560 die
1929 1497 2034 1561 20.
2083 1495 2330 1579 Aprilis
2382 1497 2551 1561 1314
2600 1494 2780 1562 obiit.

356 1724 408 1776 p.
437 1707 552 1769 39.;
591 1708 904 1775 Friedbery,
942 1705 999 1760 in
1026 1706 1184 1780 Corp.
1216 1706 1324 1777 jur.
1365 1724 1484 1761 can.
1521 1710 1661 1777 part.
1689 1706 1758 1760 II.
1785 1706 2031 1777 prolegg.
2059 1706 2161 1760 col.
2187 1706 2380 1761 LVIII.
2407 1736 2479 1746 -
2502 1707 2740 1763 Econtra
2776 1709 3023 1764 nonnulli

352 1786 451 1840 alii
499 1786 792 1857 scriptores
842 1788 1110 1851 referunt,
1162 1804 1302 1841 anno
1343 1786 1481 1841 1313
1532 1786 1741 1857 Papam
1780 1786 2115 1841 Clementem
2152 1788 2218 1841 V.
2268 1787 2422 1841 illam
2472 1788 2847 1843 collectionem
2897 1807 3021 1844 con·

353 1866 699 1921 stitutionum
749 1885 972 1922 suarum
1008 1866 1394 1938 publicavisse.
1469 1865 1574 1932 Qui
1608 1869 1796 1921 tamen
1830 1866 2125 1937 scriptores
2162 1866 2325 1921 simul
2341 1910 2355 1932 ,
2411 1867 2493 1922 uti
2530 1871 2586 1922 et
2621 1868 2872 1939 superius
2909 1887 3020 1924 me·

356 1946 583 2012 morati,
633 1950 888 2011 narrant,
939 1948 1171 2001 eundem
1208 1947 1416 2017 Papam
1456 1946 1790 2001 Clementem
1828 1946 1896 2001 V.
1936 1946 2023 2001 die
2063 1946 2233 2001 XXX.
2285 1950 2411 2018 post
2445 1947 2650 2002 factam
2686 1948 2851 2019 hujus
2888 1967 3021 2004 suae

359 2026 698 2081 collectionis
748 2026 1170 2098 publicationem
1218 2026 1445 2091 obiisse;
1502 2026 1638 2080 obiit
1687 2029 1871 2081 autem
1920 2026 2072 2098 Papa
2124 2026 2373 2081 Clemens
2411 2028 2476 2081 V.
2494 2070 2508 2093 ,
2563 2027 2647 2083 uti
2671 2053 2672 2056 ¹
2695 2033 2846 2084 certo
2898 2047 3021 2083 con·

355 2109 496 2171 stat,
550 2106 636 2161 die
674 2107 759 2161 20.
797 2107 971 2178 April.
1014 2107 1168 2161 1314.
1243 2106 1361 2173 Qua
1409 2106 1620 2161 ratione
1672 2106 1788 2161 dies
1838 2105 2221 2177 publicationis
2257 2107 2537 2178 praefatae
2575 2108 2692 2162 dies
2729 2109 2816 2163 21.
2854 2109 3018 2164 Mart.

358 2187 604 2257 ejusdem
658 2187 787 2241 anni
827 2188 965 2242 1314
1018 2187 1190 2241 fuisse
1242 2186 1594 2255 dignoscitur.
1666 2186 1988 2241 Differentia
2036 2187 2135 2240 illa
2185 2186 2331 2241 circa
2380 2187 2763 2257 publicationis
2819 2206 3019 2243 annum

353 2266 480 2321 inde
530 2266 684 2321 venit
705 2309 717 2331 ,
776 2268 918 2336 quod
971 2266 1031 2321 hi
1072 2266 1399 2338 posteriores
1448 2266 1742 2337 scriptores
1794 2284 1963 2321 annos
2013 2266 2407 2321 Incarnationis
2456 2267 2673 2322 Domini
2721 2269 3020 2323 secundum

351 2346 624 2402 calculum
659 2349 1039 2401 Florentinum
1089 2349 1406 2418 computant
1420 2389 1434 2411 ,
1480 2346 1643 2416 juxta
1696 2364 1857 2415 quem
1909 2364 2083 2400 annus
2140 2346 2226 2400 die
2263 2348 2350 2401 25.
2389 2347 2592 2401 mensis
2631 2348 2794 2403 Mart.
2853 2348 3018 2418 (festo

350 2426 795 2481 Annuntiationis
832 2427 894 2481 B.
932 2427 1007 2481 M.
1045 2426 1138 2495 V.)
1196 2426 1482 2481 inchoatur
1501 2469 1514 2491 ,
1573 2429 1630 2480 et
1676 2426 1762 2480 die
1814 2427 1900 2481 24.
1936 2426 2100 2481 Mart.
2140 2426 2268 2480 anni
2318 2427 2598 2496 sequentis
2647 2428 2835 2483 finitur
2892 2428 3015 2495 (cfr.

350 2509 738 2561 Bm‘nckmaier
750 2548 766 2576 ,
821 2505 1177 2562 Praktisches
1226 2506 1532 2561 Handbuch
1587 2506 1684 2560 der
1737 2506 1865 2560 hist.
1921 2506 2276 2574 Chronologie
2297 2549 2310 2571 ‚
2367 2507 2449 2561 ed.
2502 2508 2570 2561 H.
2628 2508 2804 2562 Berol.
2861 2509 3017 2575 1882,

352 2604 405 2657 p.
445 2587 560 2651 93.;
613 2586 780 2641 etiam
818 2587 996 2656 Jaffe,
1046 2587 1287 2655 Regesta
1324 2586 1540 2641 Pontiff.
1578 2586 1815 2651 Romm.,
1855 2587 1937 2641 ed.
1976 2587 2044 2641 H.
2084 2586 2278 2650 Berol„
2315 2586 2496 2641 Praef.
2536 2588 2635 2642 col.
2674 2588 2849 2658 VIII.)
2870 2630 2886 2654 ,
2934 2589 3015 2644 ita

351 2670 416 2721 ut
451 2685 626 2722 annus
667 2668 803 2722 1313
826 2710 839 2732 ,
885 2668 1049 2739 juxta
1093 2668 1238 2722 hunc
1275 2668 1545 2722 calculum
1582 2671 1927 2738 computatus
1944 2709 1956 2732 ,
2012 2666 2137 2722 inde
2176 2685 2209 2722 a
2247 2669 2332 2722 25.
2370 2668 2533 2723 Mart.
2587 2669 2716 2724 anni
2765 2670 3015 2738 vulgaris

355 2748 493 2802 1313
543 2765 717 2817 usque
767 2748 836 2801 ad
888 2748 1029 2802 diem
1086 2749 1172 2803 24.
1210 2748 1372 2803 Mart.
1426 2747 1555 2803 anni
1602 2747 1851 2815 vulgaris
1904 2748 2043 2802 1314
2095 2751 2294 2802 currat.
2372 2748 2481 2802 Cfr.
2535 2751 2832 2818 Friedbery
2881 2750 2917 2805 l.
2967 2768 3013 2805 c.

351 2826 451 2882 col.
489 2827 628 2881 LIX.
705 2826 820 2892 Quo
857 2845 1022 2882 sensu
1070 2846 1125 2882 v.
1165 2845 1217 2896 g.
1269 2827 1602 2898 biographus
1638 2827 1823 2898 Papae
1864 2829 2144 2881 Clementis
2179 2830 2237 2881 V.
2282 2826 2362 2895 (in
2397 2830 2624 2882 Baluzii
2641 2871 2657 2899 ,
2708 2829 2872 2884 Vitae
2910 2829 3012 2884 Pa-

347 2926 545 2978 parum
597 2908 1088 2973 Avenionensium,
1144 2909 1227 2962 ed.
1267 2907 1441 2963 Paris.
1486 2908 1654 2972 1693,
1708 2910 1836 2962 tom.
1885 2908 1927 2962 Ι.
1984 2926 2036 2978 p.
2078 2908 2162 2962 60.
2184 2950 2197 2972 ,
2253 2907 2312 2961 in
2357 2908 2489 2963 Vita
2525 2909 2645 2978 ΙΙΙ.)
2703 2910 2901 2974 refert,
2950 2913 3017 2964 ut

350 2988 630 3058 sequitur:
693 2989 879 3055 „Anno
935 2992 1120 3043 autem
1171 2988 1469 3044 dominicae
1523 2987 1913 3042 incarnationis
1967 2988 2104 3043 1313
2156 2987 2302 3049 circa
2350 2988 2514 3042 finem
2566 2988 2731 3060 hujus
2781 2989 2908 3044 anni
2956 2989 3017 3044 in

351 3069 495 3123 festo
547 3068 601 3123 S.
640 3068 923 3123 Benedicti
959 3069 1190 3123 Abbatis
1246 3068 1304 3137 (i.
1343 3087 1389 3122 e.
1442 3068 1528 3122 die
1567 3069 1653 3123 21.
1692 3067 1882 3137 Mart.)
1940 3068 1999 3122 in
2035 3071 2215 3123 castro
2268 3069 2333 3122 de
2370 3068 2637 3123 Montiliis
2682 3087 2848 3141 prope
2886 3069 3015 3124 Car·

351 3151 691 3219 pentoratem
730 3148 1013 3203 civitatem
1029 3190 1041 3213 ,
1093 3148 1152 3202 in
1189 3166 1296 3218 qua
1332 3151 1463 3202 tunc
1503 3147 1665 3202 Curia
1703 3149 2016 3221 morabatur
2030 3190 2045 3214 ,
2098 3148 2349 3203 Clemens
2386 3167 2528 3219 papa
2564 3147 2698 3203 fecit
2733 3167 2915 3204 coram
2951 3166 3013 3204 se

348 3226 407 3281 in
444 3227 709 3282 auditorio
746 3228 1011 3298 publicari
1048 3228 1463 3283 constitutiones
1480 3270 1492 3292 ,
1544 3245 1682 3297 quas
1719 3228 1870 3299 prius
1906 3228 2114 3283 fecerat
2150 3227 2416 3293 ordinari,
2473 3247 2543 3283 ex
2595 3229 2792 3298 quibus
2830 3229 3013 3283 decre·

350 3311 511 3363 verat
564 3308 683 3363 fieri
719 3307 919 3363 librum
954 3326 1121 3362 unum
1135 3350 1151 3377 ,
1193 3326 1331 3378 quae
1371 3307 1624 3362 dicuntur
1668 3308 2084 3363 constitutiones
2124 3308 2508 3363 Clementinae.
2585 3308 2881 3380 Coepitque
2919 3327 3012 3363 ex·

348 3388 475 3443 inde
513 3392 795 3457 agrotare,
851 3389 993 3442 unde
1030 3392 1155 3459 post
1190 3388 1326 3442 obiit
1361 3387 1532 3442 XXX.
1571 3387 1675 3453 die,
1713 3405 1789 3442 sc.
1829 3388 1949 3442 XII.
1986 3388 2110 3443 Kal.
2148 3388 2285 3458 Maji
2325 3388 2382 3457 (i.
2422 3407 2468 3442 e.
2507 3388 2593 3443 die
2631 3390 2716 3444 20.
2755 3388 3007 3459 April.).¹‘

350 3469 513 3539 Apud
550 3470 849 3536 Friedbery
885 3468 921 3522 l.
961 3486 1006 3522 c.
1046 3468 1147 3523 col.
1185 3468 1352 3523 LVII.

535 3552 552 3584 ¹
593 3548 705 3603 Cfr.
743 3550 993 3617 Bohmer,
1033 3548 1347 3603 Observatt.
1379 3548 1488 3618 jur.
1528 3565 1735 3613 canon„
1772 3566 1824 3618 p.
1863 3549 1950 3602 21.

535 3630 557 3666 ²
594 3629 756 3684 Bulla
774 3671 789 3694 ‚
841 3628 910 3683 ad
946 3628 1396 3683 Aurelianensem
1434 3627 1867 3682 Universitatem
1904 3628 2033 3683 data
2049 3670 2061 3693 ,
2113 3646 2146 3683 a
2182 3629 2428 3699 praefato
2472 3631 2700 3697 Georyio
2738 3633 3013 3687 Ludovioo

351 3712 587 3764 Bo‘hmer
629 3709 688 3777 (l.
727 3727 774 3764 c.
813 3728 865 3780 p.
904 3709 1015 3777 21.)
1057 3707 1322 3774 adducta,
1371 3708 1453 3763 ita
1489 3710 1676 3763 sonat:
1740 3707 2023 3773 „Clemens
2059 3726 2143 3778 ep.
2182 3707 2236 3762 S.
2273 3708 2326 3763 S.
2365 3709 2430 3763 D.
2469 3708 2698 3764 Dilectis
2733 3710 2862 3765 filiis
2898 3730 3011 3767 ma·

346 3790 555 3857 gistris,
594 3789 902 3843 doctoribus
938 3792 995 3842 et
1029 3787 1332 3843 scolaribus
1368 3788 1553 3842 Aurel.
1591 3788 1693 3842 sal.
1731 3791 1789 3843 et
1824 3805 1910 3859 ap.
1947 3788 2070 3842 ben.
2122 3788 2258 3842 Cum
2292 3807 2465 3860 nuper
2501 3789 2558 3843 in
2592 3790 2837 3857 generali
2876 3791 3009 3846 Con·

346 3869 473 3924 cilio
510 3868 809 3924 Viennensi
858 3872 914 3923 et
963 3872 1090 3923 ante
1141 3871 1199 3923 et
1233 3871 1359 3939 post
1396 3868 1661 3937 quasdam
1697 3867 2113 3922 constitutiones
2163 3885 2327 3939 super
2363 3869 2529 3925 certis
2566 3870 2815 3926 articulis
2852 3871 3008 3927 duxi·

348 3967 473 4004 mus
510 3948 934 4020 promulgandas
948 3990 962 4014 ,
1018 3948 1176 4003 vobis
1213 3966 1311 4018 per
1346 3966 1431 4019 ap.
1471 3947 1677 4018 scripta
1714 3949 2033 4002 mandamus
2050 3990 2064 4013 ,
2108 3952 2378 4017 quatenus
2414 3949 2512 4015 eis,
2549 3967 2686 4019 quas
2723 3952 2824 4006 sub
2860 3953 3013 4009 bulla

346 4033 534 4085 nostra
570 4027 1009 4094 transmittimus,
1046 4028 1279 4082 utamini
1315 4029 1506 4083 amodo
1542 4031 1658 4082 tam
1692 4027 1751 4082 in
1769 4026 2008 4098 judiciis,
2047 4045 2211 4097 quam
2247 4029 2306 4083 in
2340 4029 2553 4084 scolis.“
2616 4031 2778 4101 Apud
2814 4034 3012 4087 Fried-

345 4111 473 4178 bery
486 4152 502 4179 ,
552 4110 590 4164 1.
629 4128 675 4164 c.
714 4109 814 4163 col.
852 4109 964 4165 LX.
982 4151 995 4173 ‚
1047 4109 1142 4178 qui
1177 4109 1399 4179 insuper
1434 4108 1635 4162 ibidem
1677 4107 1802 4177 (col.
1841 4107 1954 4162 LX.
1991 4107 2099 4177 sq.)
2141 4108 2338 4174 refert,
2377 4127 2437 4164 se
2473 4109 2532 4164 in
2569 4110 2777 4165 duobus
2814 4112 3008 4167 codici-

345 4191 450 4244 bus
486 4208 616 4245 mss.
634 4232 648 4255 ,
698 4189 1113 4257 Maroburgensi
1150 4193 1206 4244 et
1243 4188 1577 4254 Carnotensi,
1615 4187 1780 4243 aliam
1813 4187 1997 4259 Papae
2038 4187 2332 4243 Clementis
2367 4189 2436 4244 V.
2472 4190 2680 4245 bullam
2714 4190 3009 4258 invenisse,

345 4270 418 4324 ad
441 4269 873 4324 Universitatem
904 4269 1271 4324 Parisiensem
1308 4268 1569 4323 directam
1595 4271 1652 4322 et
1676 4268 1921 4339 ejusdem
1957 4267 2171 4322 omnino
2207 4268 2428 4334 tenoris,
2466 4287 2533 4324 ac
2557 4270 2633 4325 sit
2654 4271 2805 4324 bulla
2840 4287 3009 4340 supra

347 4351 600 4405 adducta.
675 4350 825 4416 Quae
861 4349 1204 4405 transmissio
1240 4349 1405 4421 hujus
1443 4347 1779 4404 collectionis
1817 4349 1886 4402 ad
1924 4348 2328 4404 Universitates
2348 4391 2361 4413 ,
2400 4367 2430 4403 e
2468 4353 2624 4420 parte
2662 4350 2846 4419 Papae
2888 4350 3006 4404 Cle·

345 4430 546 4499 mentis
570 4430 638 4485 V.
663 4431 831 4494 facta,
868 4429 1052 4500 plures
1089 4429 1384 4501 scriptores
1408 4429 1558 4483 illius
1596 4428 1722 4483 aevi
1757 4428 1936 4494 latuit,
1974 4431 2032 4483 et
2053 4427 2198 4484 inter
2230 4447 2322 4484 eos
2348 4430 2515 4485 etiam
2552 4429 2796 4500 ejusdem
2821 4429 3006 4501 Papae

344 4510 704 4582 biographum
722 4552 734 4575 ,
786 4528 952 4580 supra
995 4510 1069 4580 (p.
1111 4511 1230 4565 196.
1268 4513 1378 4564 not.
1419 4510 1493 4578 6.)
1535 4511 1922 4573 memoratum,
1975 4509 2070 4578 qui
2112 4509 2191 4579 (in
2226 4511 2479 4579 Baluzii,
2531 4508 2696 4564 Vitae
2731 4509 3006 4580 paparum

342 4589 821 4655 Avenionensium,
857 4595 987 4645 tom.
1026 4591 1069 4645 I.
1107 4609 1159 4661 p.
1199 4589 1330 4659 60.),
1368 4593 1659 4661 postquam
1698 4590 1763 4645 de
1800 4588 1952 4642 obitu
1990 4589 2123 4644 dicti
2146 4589 2330 4661 Papae
2357 4588 2654 4644 Clementis
2689 4589 2756 4643 V.
2794 4590 3002 4656 retulit,

343 4670 542 4739 pergit,
580 4670 794 4725 dicens:
853 4670 955 4737 „Et
991 4670 1072 4724 sic
1109 4669 1526 4727 constitutiones
1562 4669 1691 4725 illae
1726 4687 1835 4723 non
1869 4670 2093 4725 fuerunt
2127 4669 2328 4725 missae
2380 4671 2449 4725 ad
2486 4670 2669 4725 studia
2706 4669 3003 4738 generalia,

343 4751 408 4803 ut
443 4753 530 4804 est
564 4750 779 4805 moris.⁴‘
828 4750 1012 4821 (Apud
1050 4751 1348 4819 Friedbery
1382 4751 1420 4805 l.
1459 4769 1505 4805 c.
1545 4751 1646 4806 col.
1684 4749 1822 4819 LX.)

527 4829 547 4863 ³
583 4829 758 4901 Super
783 4847 889 4899 quo
910 4833 1152 4884 Joannes
1170 4832 1424 4884 Andreae
1446 4830 1505 4885 in
1528 4831 1604 4899 gl.
1626 4831 1698 4885 ad
1717 4831 1806 4886 cit.
1827 4830 2011 4900 Papae
2031 4833 2270 4885 Joanm's
2287 4833 2475 4886 XXII.
2501 4834 2674 4886 const.
2692 4852 2705 4887 ε
2737 4834 3010 4899 Quoniam
