3355 5328
369 263 440 317 40
1264 265 1402 318 Pars
1439 265 1480 319 I.
1528 264 1822 318 Decretum
1859 264 2120 319 Gratiani.

369 423 682 506 Ejusdem
729 422 1095 488 sententiae
1142 445 1340 507 super
1382 425 1506 490 hac
1552 446 1626 490 re
1671 425 2086 506 aliquatenus
2133 424 2332 490 etiam
2379 426 2733 509 HuqucciO,
2794 425 2864 489 in
2909 446 3031 489 sua

370 522 634 586 Summa
680 521 966 607 Decreti.
1014 521 1216 586 fuisse
1262 522 1526 588 videtur
1555 522 1595 589 ¹.

548 628 685 693 Illis
732 628 1124 694 testimoniis
1185 649 1343 710 ergo
1393 629 1691 711 quaestio
1738 630 1903 694 haee
1963 633 2144 695 certo
2207 629 2415 694 decidi
2461 630 2708 712 nequit.
2805 629 3030 694 Consi-

372 726 673 791 deremus
718 726 923 808 igitur
980 727 1244 792 modum
1292 726 1563 804 citandi,
1627 748 1819 809 quem
1866 726 2040 792 forte
2090 727 2443 793 Gratianus
2503 727 2643 811 ipse
2690 727 2865 793 circa
2910 728 3032 792 has

368 828 596 907 partes
641 825 908 890 Decreti
955 825 1280 890 observet.

548 931 592 996 J
594 951 702 995 am
735 934 976 1008 autem,
1029 932 1200 1012 quod
1247 935 1504 1014 partem
1536 932 1803 997 Decreti
1837 935 2125 1017 primam
2172 932 2432 1010 attinet,
2483 932 2838 998 Gratianus
2885 953 3032 997 eam

372 1032 642 1112 reputat
687 1051 806 1112 pro
854 1029 1162 1095 continuo
1212 1033 1280 1094 et
1325 1029 1603 1094 indiviso
1650 1033 1947 1095 tractatu
1965 1080 1979 1107 ‚
2028 1030 2312 1095 habente
2358 1031 2701 1113 prologum
2726 1028 2751 1067 ²
2770 1080 2786 1109 ‚
2837 1049 3031 1112 quem

372 1126 512 1210 ipse
547 1126 704 1192 dicit
734 1130 989 1191 initium
1019 1148 1138 1191 seu
1157 1130 1558 1214 principium
1588 1128 1782 1210 hujus
1815 1128 2050 1211 operm,
2102 1132 2171 1193 et
2200 1127 2382 1192 illum
2413 1131 2775 1194 tractatum
2817 1127 3032 1212 ipsum

372 1228 571 1290 vocat
617 1234 958 1290 tractatum
1006 1227 1538 1304 ordinandorum,
1589 1229 1935 1311 capitulum
1985 1229 2063 1291 de
2107 1228 2515 1308 ordinandis,
2563 1234 2906 1291 tractatum
2955 1229 3035 1292 cle

368 1324 865 1406 promotionibus
925 1326 1292 1388 clericorum
1303 1374 1323 1407 ,
1387 1333 1727 1389 tractatum
1775 1326 1853 1388 de
1901 1327 2187 1389 electione
2234 1332 2288 1389 et
2333 1326 2739 1389 ordinatione
2783 1327 3032 1390 clerico-

374 1442 518 1484 rum
567 1423 635 1485 et
681 1419 1000 1498 similiter,
1052 1425 1120 1487 et
1152 1442 1350 1502 quum
1398 1422 1680 1503 aliquem
1714 1422 1853 1505 ejus
1883 1421 2122 1499 locum,
2166 1421 2628 1488 auctoritatem
2680 1424 2795 1487 aut
2842 1443 3029 1486 suum

374 1516 618 1582 dictum
665 1517 829 1584 citat
852 1569 866 1597 ‚
936 1539 1081 1584 eum
1131 1528 1488 1584 constanter
1532 1520 1629 1585 ita
1675 1519 1841 1585 citat
1863 1570 1876 1597 ,
1944 1523 2019 1585 ut
2067 1523 2576 1585 commemorato
2639 1520 2852 1584 solum
2910 1519 3034 1585 hoc

373 1617 668 1680 tractatu
729 1617 835 1681 vel
897 1618 1038 1699 ejus
1097 1617 1371 1699 prologo
1432 1617 1721 1682 initiales
1780 1638 1978 1682 voces
2023 1616 2197 1682 illius
2259 1617 2674 1683 auctoritatis
2720 1618 2829 1682 vel
2877 1617 3033 1683 dicti

375 1713 475 1777 sui
530 1735 677 1778 cum
737 1714 1217 1780 additamento:
1281 1737 1483 1801 supra
1528 1716 1637 1780 vel
1697 1716 1883 1798 infra
1943 1715 2189 1796 alleget
2207 1765 2221 1791 ‚
2288 1718 2749 1781 distinctionem
2810 1719 3034 1781 autem

376 1831 791 1893 nequaquam
838 1811 1082 1879 indicet
1104 1809 1148 1878 ³.
2947 1819 2953 1824 ’

558 2014 575 2047 ¹
613 2011 710 2066 Ait
747 2012 889 2066 enim
926 2012 1029 2067 hoe
1064 2017 1345 2083 respectu:
1392 2012 1573 2083 „Opus
1610 2029 1770 2065 suum
1801 2012 2068 2079 Magister
2103 2011 2160 2065 in
2183 2014 2297 2065 tres
2323 2015 2506 2081 partes
2533 2011 2852 2080 distinguit:
2891 2012 3035 2066 scili—

375 2094 463 2144 cet
498 2092 554 2144 in
592 2092 980 2155 distinctioneS,
1020 2110 1230 2155 causas,
1268 2092 1325 2145 in
1360 2095 1659 2146 tractatum
1696 2092 1762 2145 de
1801 2091 2219 2145 consecratione.
2282 2090 2466 2144 Prima
2503 2110 2632 2162 pars
2670 2095 2890 2146 centum
2928 2110 3036 2146 una

376 2171 812 2226 distinctionibus
851 2174 1158 2227 declaratur
1174 2215 1187 2237 ‚
1246 2172 1484 2227 secunda
1520 2171 1756 2226 XXXVI
1793 2171 1974 2226 causis
2010 2170 2349 2236 terminatur,
2386 2171 2551 2225 tertia
2588 2173 2638 2226 V
2678 2171 3035 2227 distinctioni·
3081 2208 3084 2210 -

373 2251 477 2305 bus
511 2253 882 2307 terminatur.“
966 2253 1151 2323 (Apud
1191 2255 1404 2306 Schulte
1439 2252 1474 2305 l.
1515 2270 1560 2306 c.
1599 2270 1650 2322 p.
1692 2252 1777 2305 52.
1816 2254 1926 2305 not.
1970 2251 2051 2305 12.
2090 2250 2148 2304 in
2182 2251 2299 2317 fin.)

555 2331 575 2364 ²
613 2331 718 2396 Qui
754 2333 1010 2402 prologus
1036 2333 1344 2387 continetur
1379 2331 1647 2402 prioribus
1673 2331 1874 2399 viginti
1900 2330 2351 2395 distinctionibuS,
2391 2348 2530 2399 quae
2560 2332 2625 2384 de
2662 2331 2898 2397 notione,
2935 2332 3037 2386 ori-

375 2411 501 2477 gine
540 2415 595 2465 et
631 2413 915 2482 speciebus
947 2413 1090 2483 juris
1128 2416 1230 2466 etc.
1270 2415 1456 2480 agunt.
1536 2412 1643 2466 Cfr.
1683 2429 1848 2481 supra
1885 2429 1935 2481 p.
1977 2412 2026 2464 5.
2135 2426 2136 2429 ’

556 2494 575 2526 ⁸
614 2492 676 2545 Id
714 2492 892 2546 elucet
930 2511 958 2546 e
997 2493 1029 2559 ἕ
1066 2496 1261 2546 Verum
1288 2496 1592 2561 principia.
1633 2491 1765 2545 dicti
1802 2492 1872 2545 ad
1908 2509 1954 2544 c.
1994 2492 2043 2544 6.
2081 2491 2145 2544 D.
2185 2490 2407 2544 XXXII.
2427 2532 2440 2556 ‚
2490 2490 2585 2544 ubi
2624 2490 2923 2546 Gratianus
2960 2493 3036 2546 lo-

377 2571 561 2639 quitur
599 2572 664 2625 de
700 2575 1033 2641 subsequenti
1069 2591 1233 2626 causa
1269 2573 1713 2641 simoniacorum,
1752 2588 1891 2640 quae
1930 2574 2015 2625 est
2050 2571 2224 2641 partis
2262 2573 2524 2623 secundae
2561 2588 2727 2625 causa
2766 2572 2809 2625 I.
2862 2571 3039 2637 Quam

375 2669 596 2705 causam
630 2651 725 2706 ille
762 2651 864 2707 hoc
900 2652 1016 2707 loco
1056 2654 1234 2708 dicere
1268 2655 1659 2721 subsequentem
1695 2669 2040 2721 nequaquam
2064 2650 2346 2721 potuisset,
2385 2650 2433 2705 si
2469 2670 2577 2705 non
2612 2654 2789 2706 totam
2826 2656 3040 2723 partem

374 2732 593 2786 Decreti
627 2733 858 2803 primam
907 2753 1003 2804 pro
1041 2753 1146 2788 uno
1184 2737 1240 2788 et
1276 2733 1528 2788 continuo
1577 2736 1819 2787 tractatu
1869 2732 2253 2802 reputavisset.
2326 2733 2465 2785 Item
2501 2732 2556 2786 id
2609 2734 2788 2786 elucet
2825 2751 2855 2786 e
2895 2733 3040 2788 dicto

375 2812 527 2866 Grat.
567 2817 690 2882 post
727 2833 772 2868 c.
811 2833 900 2871 un.
928 2815 991 2869 D.
1022 2815 1122 2879 CL,
1160 2814 1252 2867 ubi
1288 2814 1337 2867 is
1373 2817 1549 2879 totum
1581 2813 1734 2877 illud,
1780 2813 1922 2881 quod
1957 2812 2249 2883 praecedit,
2288 2812 2609 2883 simpliciter
2645 2821 2940 2866 tractatum
2977 2817 3043 2867 de

377 2894 622 2945 electione
659 2902 706 2946 et
743 2897 1084 2948 ordinatione
1122 2897 1437 2947 clericorum
1475 2894 1717 2963 appellat
1742 2896 1799 2947 et
1833 2894 1989 2947 modo
2017 2911 2075 2946 se
2114 2893 2182 2946 ad
2220 2892 2584 2947 ordinationes
2622 2893 3043 2948 simoniacorum

375 2972 610 3025 transire
649 2973 740 3027 ait.
816 2974 984 3028 Porro
1035 2975 1090 3028 id
1128 2977 1280 3044 patet
1331 2992 1360 3027 e
1411 2992 1490 3043 pr.
1532 2973 1657 3027 dict.
1698 2976 1822 3043 post
1858 2991 1903 3026 c.
1948 2974 2028 3027 11.
2068 2973 2133 3026 D.
2172 2972 2368 3026 XXXI.
2383 3015 2396 3039 ‚
2443 2973 2538 3026 ubi
2576 2973 2875 3027 Gratianus
2914 2975 3040 3028 effa·

374 3054 494 3104 tum
533 3054 587 3105 S.
623 3055 874 3121 Greyorii
898 3056 992 3123 M„
1030 3054 1088 3108 in
1125 3072 1170 3108 c.
1210 3054 1413 3124 penult.
1458 3054 1594 3120 (18.)
1634 3054 1699 3107 D.
1727 3053 1951 3106 XXXII.
1991 3053 2243 3122 positum,
2282 3053 2487 3121 absque
2524 3053 2639 3107 ulla
2674 3053 3044 3108 distinctionis

377 3132 651 3185 mentione
689 3133 839 3198 citat,
880 3135 1093 3188 dicens:
1140 3134 1311 3200 „Hinc
1348 3138 1405 3187 et
1440 3133 1575 3187 illud
1614 3133 1892 3201 Gregorii:
1935 3135 2215 3201 Presbyter
2252 3136 2490 3202 quidam,
2530 3133 2672 3200 quod
2708 3134 2928 3201 require
2963 3134 3044 3188 in·

378 3212 510 3265 fra.⁴‘
577 3213 641 3265 In
678 3213 926 3282 plurimis
964 3215 1289 3268 editionibus
1326 3213 1545 3268 Decreti
1583 3214 1802 3283 quidem
1839 3213 1974 3267 haec
2012 3212 2197 3267 citatio
2244 3213 2323 3266 ita
2361 3212 2677 3267 exhibetur:
2737 3213 2924 3279 „Quod
2960 3231 3044 3267 re·

379 3292 533 3360 quire
570 3292 712 3347 infra
750 3297 868 3347 dist.
906 3313 1007 3363 seq.
1049 3313 1162 3363 cap.
1193 3293 1437 3363 penultss
1482 3293 1539 3363 (i.
1579 3312 1624 3349 e.
1665 3293 2011 3347 distinctione
2049 3293 2298 3361 sequenti
2335 3293 2513 3362 capite
2539 3292 2883 3363 penultimo).
2937 3294 3044 3348 Ve-

377 3376 685 3428 rumtamen
722 3393 914 3429 voces:
967 3378 1087 3429 dist.
1124 3394 1227 3444 seq.
1268 3393 1382 3443 cap.
1413 3377 1620 3443 penult.
1658 3391 2004 3442 nequaquam
2041 3375 2172 3426 sunt
2209 3372 2486 3438 Gratiani,
2530 3373 2627 3426 sed
2664 3376 2793 3427 sunt
2830 3375 2899 3428 ab
2939 3374 3048 3428 alio

379 3453 577 3521 aliquo,
615 3454 735 3508 sive
771 3454 1008 3520 librario,
1046 3455 1166 3509 sive
1203 3454 1407 3509 editore
1443 3454 1680 3517 Decreti,
1720 3453 1973 3522 deinceps
2010 3452 2307 3523 appositae.
2380 3453 2443 3507 Id
2482 3453 2662 3506 elucet
2698 3471 2728 3507 e
2767 3453 3046 3508 codicibus

379 3533 598 3586 Decreti
634 3552 764 3589 mss,
784 3577 796 3598 ,
839 3535 1017 3604 iisque
1056 3534 1468 3603 antiquissimiS,
1505 3534 1562 3587 in
1601 3534 1798 3602 quibus
1835 3550 2000 3586 voces
2036 3532 2165 3586 illae
2202 3532 2416 3585 omnino
2455 3532 2667 3586 desunt.
2745 3532 2858 3587 cfr.
2896 3552 2951 3587 v.
2992 3551 3046 3601 g.

382 3630 426 3666 c.
466 3631 509 3665 r.
549 3613 676 3668 bibl.
730 3615 895 3684 palat.
934 3615 1164 3669 Vindob.
1219 3613 1459 3668 codicem
1503 3631 1603 3668 mS.
1642 3613 1740 3667 lat.
1792 3631 1844 3666 n.
1884 3612 2041 3665 2131.
2088 3611 2181 3680 (ex
2218 3629 2360 3666 saec.
2398 3611 2569 3679 XIH.)
2591 3632 2603 3675 ;
2652 3630 2811 3681 porro
2850 3615 3046 3667 Fried-

382 3694 505 3759 bery
556 3693 624 3746 ad
675 3694 765 3747 cit.
820 3695 946 3748 dict.
987 3695 1138 3749 Grat.
1191 3698 1315 3764 post
1365 3712 1411 3748 e.
1454 3694 1534 3747 11.
1587 3694 1650 3747 D.
1693 3693 1890 3746 XXXI.
1941 3695 2051 3745 not.
2095 3692 2195 3746 107
2218 3692 2269 3745 h.
2345 3692 2484 3745 Item
2523 3709 2552 3745 e
2604 3710 2683 3761 pr.
2736 3691 2872 3746 dicti
2923 3698 3049 3763 post

381 3790 426 3825 c.
454 3773 541 3826 43.
582 3772 638 3827 C.
666 3773 893 3827 XXVII.
933 3792 1020 3843 qu.
1064 3775 1128 3839 1.‚
1164 3774 1258 3827 ubi
1297 3772 1610 3837 Gratianus,
1647 3772 1840 3826 volens
1878 3789 2163 3841 exponere,
2203 3772 2346 3840 quod
2380 3775 2572 3826 votum
2611 3771 2891 3827 castitatis
2927 3774 3047 3828 red-

381 3853 478 3906 dat
512 3853 916 3907 matrimonium
951 3858 1141 3923 postea
1178 3857 1517 3908 contractum
1554 3853 1714 3922 plane
1739 3852 2039 3906 invalidum
2078 3855 2133 3905 et
2168 3852 2392 3915 nullum,
2432 3855 2489 3905 et
2525 3852 2667 3919 quod
2703 3851 2878 3906 faciat
2912 3853 3050 3907 illud

380 3935 753 3988 tantummodo
807 3934 1061 3987 illicitum
1081 3975 1093 3998 ,
1150 3937 1315 4002 atque
1369 3950 1670 4004 provocans
1721 3933 1823 3986 hoc
1872 3934 2096 4001 repectu
2146 3932 2215 3985 ad
2265 3949 2425 3985 suum
2475 3930 2681 3985 dictum
2732 3936 2861 4001 post
2911 3951 2958 3987 c.
2997 3934 3047 3987 8.

381 4014 446 4067 D.
485 4012 710 4067 XXVII.
728 4056 741 4078 ,
794 4014 928 4068 citat
976 4013 1171 4084 ipsum,
1210 4017 1567 4067 distinctionis
1601 4012 1753 4066 nulla
1790 4029 2011 4081 prorsus
2048 4010 2319 4065 mentione
2355 4012 2530 4075 facta,
2579 4010 2906 4081 simpliciter
2921 4055 2934 4077 ‚
2974 4012 3048 4066 di·

383 4094 570 4157 cend0‚
607 4093 760 4147 illam
798 4093 1191 4163 expositionem
1228 4093 1284 4146 in
1322 4096 1555 4161 capitulo
1593 4096 1656 4145 de
1695 4095 2037 4145 ordinatione
2072 4094 2387 4144 clericorum
2422 4090 2627 4145 haberi.
2703 4092 3050 4147 Verbotenus

384 4191 449 4227 ea
487 4174 553 4227 de
590 4192 650 4227 re
677 4174 973 4228 Gratianus
1010 4174 1090 4227 ita
1114 4173 1222 4227 ait:
1268 4172 1451 4238 „Quod
1476 4175 1659 4226 autem
1696 4174 1964 4226 voventes
2001 4170 2315 4241 praemissis
2351 4170 2770 4225 auctoritatibus
2814 4172 3054 4241 (scilicet

384 4271 429 4307 c.
472 4254 680 4308 l.—40.
730 4254 788 4309 C.
828 4253 1050 4307 XXVII.
1092 4271 1180 4322 qu.
1223 4253 1295 4321 1.)
1333 4253 1590 4323 jubentur
1627 4253 1697 4305 ab
1734 4249 1970 4304 invicem
2009 4250 2285 4304 discedere
2301 4292 2314 4314 ,
2360 4267 2589 4318 quorum
2624 4268 2757 4305 vero
2795 4252 3052 4322 conjugia

385 4334 711 4389 auctoritate
738 4336 1035 4401 Auqustini
1066 4333 1134 4401 (c.
1160 4334 1248 4386 41.
1289 4333 1423 4395 ead„
1463 4335 1519 4386 et
1555 4350 1600 4385 c.
1629 4332 1679 4385 2.
1719 4330 1784 4383 D.
1812 4330 2059 4398 XXVH.)
2104 4333 2160 4384 et
2202 4332 2470 4383 Theodori
2512 4330 2579 4399 (e.
2605 4330 2694 4383 43.
2736 4330 2795 4384 C.
2823 4332 3053 4386 XXVII.

387 4430 475 4480 qu.
518 4415 564 4467 1.
604 4418 661 4468 et
697 4433 742 4469 c.
783 4415 832 4468 3.
872 4414 936 4467 D.
963 4412 1212 4481 XXVII.)
1256 4412 1517 4465 solvenda
1552 4430 1660 4465 non
1698 4414 1843 4475 sunt,
1880 4414 1941 4463 in
1979 4412 2212 4478 capitulo
2250 4411 2314 4462 de
2349 4413 2693 4463 ordinatione
2730 4413 3053 4466 clericorum

387 4496 648 4548 evidenter
697 4491 1045 4549 ostenditur.“
1119 4493 1413 4546 Praeterea
1464 4509 1493 4545 e
1530 4509 1610 4561 pr.
1650 4490 1784 4546 dicti
1820 4493 1945 4561 post
1980 4508 2025 4543 c.
2066 4490 2114 4543 6.
2169 4488 2226 4543 Ο.
2264 4490 2304 4542 Ι.
2359 4507 2449 4558 qu.
2489 4492 2537 4545 7.
2555 4532 2567 4554 ,
2619 4490 2715 4544 ubi
2752 4491 3055 4546 Gratianus

388 4574 664 4628 decretum
700 4575 885 4645 Papae
929 4576 1134 4627 Gelasii
1170 4576 1215 4626 I.
1231 4613 1247 4641 ,
1298 4571 1355 4625 in
1406 4589 1451 4626 c.
1494 4572 1541 4624 1.
1589 4571 1652 4625 D.
1692 4571 1804 4625 LV.
1855 4570 2114 4633 relatum,
2165 4568 2485 4639 simpliciter
2535 4569 2672 4625 citat
2707 4570 2797 4624 his
2835 4572 3052 4626 verbis:

395 4652 589 4717 „Itemt
630 4657 832 4708 Priscis
867 4658 1037 4721 iqitur
1074 4656 1175 4708 etc.
1215 4650 1452 4720 Require
1489 4668 1655 4720 supra
1692 4651 1750 4704 in
1784 4652 2027 4703 tractatu
2065 4648 2527 4703 ordinandorum.“
2594 4649 2804 4704 Eadem
2841 4652 3055 4706 ratione

391 4731 688 4788 Gratianus
725 4734 782 4787 in
819 4734 962 4788 dicto
987 4737 1111 4804 post
1145 4752 1189 4788 c.
1218 4733 1303 4787 50.
1343 4731 1408 4786 D.
1435 4732 1476 4785 I.
1518 4730 1583 4783 de
1608 4748 1755 4784 cons,
1797 4730 2015 4783 decreta
2040 4728 2382 4782 Summorum
2406 4729 2733 4783 Pontificum
2761 4733 2965 4785 Leonis
2989 4734 3055 4801 I.,

340 5005 411 5056 ’Ἃ
