3355 5328
1421 297 1598 368 Caput
1633 297 1729 351 VI.
1780 295 1813 364 ἓ
1849 295 1937 349 42.
2936 291 3004 346 67

341 480 429 525 ea
473 457 819 524 occasione
866 458 1192 536 inventas,
1241 461 1659 524 notaverunt.
1725 456 1900 534 Quas
1946 455 2261 523 lectiones
2292 453 2586 538 primum
2618 452 2687 517 in
2731 451 3009 536 privatis

342 556 797 634 conventibus,
832 557 951 621 sub
976 555 1302 640 praesidio
1328 555 1689 621 Cardinalis
1713 556 1952 620 Aleiati
1982 554 2109 632 vel,
2141 554 2266 618 hoc
2295 551 2630 635 impedit0,
2665 551 2784 615 sub
2816 569 3007 633 prae-

340 654 512 720 sidio
560 654 924 720 Cardinalis
970 655 1275 738 Caraffae
1319 653 1580 731 habitis,
1638 652 2108 719 examinabant
2154 656 2241 729 et,
2292 670 2459 732 quae
2506 648 2771 731 reliquis
2817 667 3010 731 prae-

341 751 621 818 ferenda
681 756 857 819 esset
874 802 888 830 ‚
951 751 1368 830 decidebant3
1437 751 1668 817 deinde
1715 754 1936 816 autem
1994 749 2063 813 in
2124 746 2550 815 conventibus
2595 745 3011 830 generalibus

346 871 577 916 omnes
636 849 704 914 in
763 872 963 915 unum
1010 849 1336 934 conjuncti
1397 870 1510 914 eas
1569 849 1807 915 iterum
1864 846 2299 914 discutiebant
2345 849 2414 912 et
2456 845 2636 911 finali
2682 843 3012 911 sententia

346 949 458 1013 vel
503 949 1036 1032 approbaverunt
1081 948 1189 1014 vel
1233 968 1392 1013 vero
1440 948 1811 1031 rejecerunt
1840 943 1882 1012 ¹.

528 1047 734 1111 Porro
794 1046 863 1111 in
909 1049 1286 1112 correctione
1329 1049 1557 1112 textus
1602 1043 1869 1110 Decreti
1929 1043 2025 1109 ita
2084 1042 2528 1126 procedebant
2545 1091 2561 1120 ,
2623 1046 2726 1119 ut,
2790 1040 2900 1105 ubi
2944 1040 3012 1104 id

351 1145 603 1226 absque
654 1143 1042 1211 difficultate
1100 1143 1243 1209 fieri
1288 1164 1481 1227 posse
1539 1142 1889 1208 videbatur
1910 1191 1924 1219 ‚
1987 1140 2333 1207 lectionem
2352 1189 2366 1217 ‚
2435 1160 2631 1221 quam
2689 1139 3012 1222 putabant

345 1241 609 1319 falsam,
660 1241 1045 1326 simpliciter
1091 1246 1546 1326 expungerent
1593 1246 1660 1308 et
1708 1240 1849 1324 ejus
1896 1240 2039 1305 loco
2083 1259 2249 1316 eam,
2299 1258 2495 1320 quam
2541 1237 2865 1320 putabant
2895 1257 3011 1302 ve-

346 1361 517 1418 ram,
564 1343 906 1424 ponerent.
970 1339 1242 1416 Quando
1290 1344 1512 1406 autem
1558 1339 1682 1404 hoc
1727 1338 1975 1420 absque
2023 1336 2409 1402 difficultate
2456 1335 2599 1400 fieri
2643 1356 2771 1399 non
2820 1355 3013 1418 posse

350 1437 721 1516 videbatur,
769 1442 945 1515 tunc,
994 1437 1274 1504 lectione
1322 1437 1594 1519 antiqua
1638 1436 1707 1500 in
1751 1440 1945 1502 textu
1991 1438 2272 1512 retenta,
2330 1454 2497 1512 eam,
2546 1454 2742 1515 quam
2786 1453 3012 1497 veram

345 1536 703 1614 habebant,
750 1534 818 1600 in
863 1535 1177 1619 peculiari
1221 1534 1559 1601 notatione
1607 1533 2023 1618 apponebant
2042 1583 2056 1610 ,
2115 1553 2310 1614 quam
2358 1531 2645 1614 quidem,
2709 1529 2765 1595 si
2813 1531 3015 1596 brevis

348 1637 503 1700 erat
519 1684 534 1713 ,
595 1633 664 1697 in
709 1632 1004 1716 margine
1049 1637 1278 1700 textus
1296 1683 1310 1711 ‚
1373 1632 1475 1697 sin
1520 1635 1766 1718 lonyior
1778 1683 1797 1716 ,
1846 1631 1967 1696 sub
2012 1636 2205 1697 textu
2250 1629 2424 1694 illius
2472 1629 2629 1696 dicti
2677 1628 3016 1695 Gratianei

348 1735 471 1797 aut
518 1731 816 1809 canoniS‚
864 1730 1241 1815 praemissis
1286 1751 1481 1795 voce:
1544 1731 1712 1814 Not„
1762 1729 1868 1793 vel
1914 1729 2136 1810 signo:
2199 1727 2268 1809 ἓ,
2318 1727 2426 1792 vel
2471 1732 2752 1808 utroque
2798 1726 3011 1804 simul,

352 1829 766 1896 collocabant
788 1878 803 1907 ,
873 1829 1193 1911 simulque
1262 1828 1575 1895 lectorem
1637 1827 1722 1893 ad
1781 1828 1902 1892 has
1962 1825 2335 1893 notationes
2396 1825 2669 1909 adjectis
2725 1825 2809 1890 ad
2868 1825 3015 1889 illas

349 1947 553 1992 voces
598 1927 666 1991 in
710 1930 902 1994 textu
949 1926 1253 2009 congruis
1298 1925 1585 1990 numeris
1629 1925 1739 1991 vel
1784 1924 1993 1990 literis
2025 1928 2354 1991 attentum
2384 1922 2744 1988 reddebant
2766 1922 2810 1988 ².
2876 1922 3017 2000 Qua

351 2025 614 2092 ratione
662 2025 1077 2090 Correctores
1122 2023 1404 2089 Romani
1449 2023 1517 2088 in
1563 2022 1779 2107 specie

543 2125 599 2188 1.
651 2143 970 2187 canonum
1001 2124 1214 2206 initia,
1264 2121 1390 2187 etsi
1423 2142 1502 2186 ea
1533 2120 1990 2187 emendatione
2026 2119 2320 2200 indigere
2350 2118 2671 2202 viderent,
2721 2117 3018 2184 siverunt

351 2221 611 2287 intacta
656 2223 724 2286 et
768 2219 1115 2287 lectionem
1160 2240 1389 2284 veram
1421 2219 1489 2284 in
1547 2218 1863 2302 peculiari
1923 2217 2262 2283 notatione
2323 2220 2799 2300 apposuerunt3
2865 2215 3018 2297 quia

352 2318 665 2403 videlicet
709 2317 804 2382 illi
851 2338 1133 2383 canones
1163 2317 1265 2382 his
1296 2317 1498 2384 initiis
1538 2318 1677 2400 jam
1711 2317 1953 2381 dudum
1985 2314 2174 2381 citari
2222 2318 2719 2391 consueverant,
2770 2317 2837 2379 et
2869 2313 3018 2379 hinc

353 2417 541 2483 facta
586 2416 937 2481 eorundem
996 2415 1329 2482 initiorum
1375 2414 1743 2481 mutatione
1790 2412 2083 2479 confusio
2132 2412 2304 2478 circa
2361 2411 2739 2478 citationem
2785 2412 3018 2476 horum

355 2536 684 2580 canonum
728 2513 1148 2580 induceretur
1168 2509 1214 2580 ³.

542 2615 601 2679 2.
651 2612 832 2678 Idem
880 2611 1036 2679 dicti
1083 2611 1499 2678 Correctores
1548 2611 2068 2677 observaverunt
2116 2608 2290 2675 circa
2336 2607 2482 2674 illas
2527 2628 2724 2674 voces
2769 2611 3017 2686 textuS,

354 2711 445 2777 ad
493 2732 656 2793 quas
703 2714 849 2777 erat
895 2710 1216 2776 adornata
1270 2713 1479 2796 ylossa
1492 2734 1520 2793 ,·
1578 2730 1661 2774 ne
1709 2707 1958 2774 scilicet
2019 2723 2307 2773 ea³voce
2367 2727 2403 2772 e
2448 2710 2642 2773 textu
2689 2710 3019 2790 expuncta

543 2853 561 2884 ¹
608 2852 853 2920 Theiner,
891 2850 1309 2919 Disquisitiones
1347 2849 1583 2914 criticae,
1621 2849 1865 2919 Append.
1904 2848 1945 2901 I.
1984 2865 2036 2917 Ρ.
2076 2848 2155 2909 6.;
2195 2847 2430 2913 Richter,
2466 2844 2547 2898 De
2586 2845 3020 2898 emendatoribus

359 2930 628 2995 Gratiani,
667 2950 718 3000 Ρ.
759 2931 874 2994 39.;
917 2932 1163 2999 Phillips,
1202 2930 1612 2994 Kirchenrecht,
1648 2933 1779 2983 tom.
1819 2928 1912 2982 IV.
1951 2946 2003 2998 Ρ.
2046 2928 2164 2980 199.

540 3012 563 3047 ²
601 3010 770 3076 Quem
819 3011 997 3065 locum
1048 3011 1175 3064 illae
1230 3010 1534 3064 notationes
1586 3009 1960 3063 Correctorum
2010 3007 2374 3061 Romanorum
2418 3023 2525 3059 non
2576 3005 2752 3059 solum
2805 3006 2861 3058 in
2913 3005 3020 3059 edi-

354 3091 509 3145 tione
546 3090 764 3145 Decreti
801 3092 869 3145 ab
906 3091 993 3145 his
1031 3094 1220 3145 curata
1258 3094 1314 3144 et
1350 3090 1554 3144 Romae
1610 3107 1658 3143 a.
1703 3090 1839 3144 1582
1885 3088 2087 3159 publici
2120 3087 2258 3157 juris
2295 3087 2442 3140 facta
2459 3128 2471 3150 ‚
2522 3103 2715 3139 verum
2765 3086 2930 3139 etiam
2967 3085 3022 3139 in

357 3171 610 3225 omnibus
672 3171 1060 3241 posterioribus
1116 3171 1440 3225 editionibus
1495 3170 1713 3224 Decreti
1776 3171 2022 3237 ylossatv‘s
2077 3167 2336 3221 obtinent.
2424 3167 2488 3219 In
2543 3166 2865 3220 editionibus
2919 3166 3021 3220 De-

360 3251 499 3306 creti
536 3269 645 3305 non
679 3254 926 3319 ylossatis
963 3255 1147 3306 autem
1183 3251 1489 3305 notationes
1526 3251 1819 3304 eorundem
1846 3248 2221 3303 Correotorum
2259 3249 2521 3301 breviores
2547 3247 2709 3300 simul
2747 3265 2869 3300 cum
2894 3247 3020 3319 alio—

356 3350 485 3385 rum
520 3331 760 3384 virorum
811 3332 1144 3385 eruditorum
1193 3331 1630 3385 adnotationibus
1682 3332 1738 3384 in
1788 3328 2151 3399 peculiaribus
2201 3328 2344 3381 notis
2381 3328 2438 3379 in
2487 3327 2672 3380 infima
2724 3330 2878 3396 parte
2929 3344 3020 3396 pa-

360 3412 617 3479 ginarum
666 3411 758 3465 vel
806 3411 1176 3465 columnarum
1215 3412 1510 3465 collocatae
1547 3414 1692 3465 sunt.
1750 3413 2047 3477 Lonyiores
2089 3407 2218 3461 illae
2267 3408 2573 3461 notationes
2625 3425 2808 3460 eorum
2844 3408 2900 3459 in
2937 3408 3023 3460 his

359 3491 688 3546 editionibus
724 3491 857 3545 item
885 3491 985 3545 sub
1023 3495 1182 3545 textu
1219 3491 1366 3545 illius
1405 3491 1533 3545 dicti
1561 3490 1841 3545 Gratianei
1880 3493 1975 3543 aut
2013 3487 2248 3551 canonis,
2288 3488 2357 3541 ad
2396 3487 2536 3555 quod
2576 3491 2671 3541 aut
2708 3504 2868 3555 quem
2905 3505 3022 3556 per-

358 3572 569 3636 tinent,
627 3570 866 3661 positae,
919 3574 975 3625 et
1028 3571 1085 3624 in
1136 3571 1460 3625 editionibus
1510 3570 1900 3624 recentioribus
1950 3569 2171 3638 insuper
2208 3568 2274 3621 de
2323 3567 2514 3634 regula
2553 3567 2804 3621 vocibus:
2866 3568 3021 3620 Corr.
3043 3574 3045 3576 ’

359 3654 597 3721 Romm.,
648 3651 739 3704 vel
785 3651 964 3718 signo:
1012 3651 1074 3718 ἓ,
1126 3651 1217 3704 vel
1268 3655 1497 3719 utroque
1553 3651 1714 3705 simul
1766 3650 2045 3717 signatae,
2101 3647 2438 3702 exhibentur.
2513 3646 2873 3716 Excipiuntur
2922 3648 3025 3701 hoc

359 3734 617 3801 respectu
656 3730 917 3785 editiones
942 3731 1158 3785 Decreti
1185 3734 1539 3785 Richteriana
1562 3731 1708 3800 Lips.
1740 3731 1876 3785 1839
1917 3732 1972 3783 et
1997 3731 2081 3781 Fr
2082 3730 2428 3795 iedberyiana
2464 3726 2590 3780 ibid.
2623 3728 2776 3791 1879,
2816 3726 2872 3779 111
2910 3728 3023 3796 qui-

364 3813 468 3865 bus
519 3810 801 3881 praefatae
847 3811 1152 3865 notationes
1193 3811 1568 3865 correctorum
1620 3814 1886 3877 lonyiores
1931 3827 2027 3879 pro
2066 3807 2313 3862 omnibus
2364 3807 2524 3860 dictis
2563 3807 2811 3861 Gratiani
2847 3811 2904 3861 et
2941 3826 3025 3862 ca-

363 3888 629 3955 nonibus»,
693 3908 831 3959 quae
885 3894 941 3945 et
1002 3892 1092 3960 qui
1145 3892 1201 3944 in
1261 3892 1356 3945 illa
1407 3891 1607 3961 pagina
1662 3893 1979 3953 occurrunt,
2040 3888 2200 3942 simul
2260 3888 2318 3941 in
2374 3888 2613 3941 inferiori
2668 3891 2823 3957 parte
2877 3888 3027 3942 illius

367 3971 618 4061 paginae
642 3971 852 4040 positae
890 3975 946 4025 et
981 3972 1240 4026 vocibus:
1298 3973 1611 4025 Notationes
1652 3972 1795 4024 Corr
1796 3978 1937 4023 ector
1938 3988 2029 4022 um
2079 3968 2372 4037 inscriptae
2422 3971 2565 4021 sunt.
2642 3967 2794 4033 Quod
2832 3969 3029 4023 attinet

365 4052 423 4105 in
474 4051 654 4122 specie
706 4051 1011 4106 notationes
1062 4054 1355 4116 brevioreS,
1408 4052 1503 4105 cfr.
1556 4070 1609 4104 v.
1649 4068 1701 4117 g.
1755 4054 1924 4104 notat.
1966 4049 2112 4103 Corr.
2152 4048 2361 4101 Romm.
2415 4049 2484 4101 ad
2535 4048 2665 4103 dicti
2705 4049 2856 4103 Grat
2908 4049 3025 4103 init.

332 4132 431 4186 xD.
460 4131 500 4186 Ι.
539 4149 760 4186 vocem:
798 4135 859 4185 in
883 4132 1197 4200 Evanyelio;
1234 4133 1303 4185 ad
1330 4133 1451 4185 6.1.
1480 4132 1596 4185 ead.
1625 4148 1842 4185 vocem:
1876 4148 1978 4198 per
2003 4146 2224 4196 ayrum;
2262 4128 2393 4181 item
2420 4129 2489 4181 ad
2515 4146 2558 4181 6.
2585 4129 2636 4181 4.
2665 4130 2780 4182 ead.
2808 4147 3026 4183 vocem:

364 4214 750 4266 tantummodo,
826 4211 979 4277 Quod
1029 4216 1213 4266 autem
1251 4213 1320 4266 ad
1356 4212 1660 4265 notationes
1713 4211 2003 4265 eorundem
2043 4209 2417 4263 Correctorum
2465 4211 2728 4276 lonyiores
2777 4209 3028 4278 pertinet,

367 4293 466 4346 cfr.
505 4312 559 4346 v.
598 4309 652 4359 g.
690 4294 861 4346 notat.
901 4294 971 4346 ad
1006 4292 1414 4362 inscriptionem
1451 4291 1686 4356 Decreti,
1726 4294 1781 4344 et
1819 4290 2036 4359 quidem
2074 4290 2143 4343 ad
2180 4306 2371 4342 voces:
2426 4306 2490 4340 ac
2515 4292 2762 4356 primum
2804 4288 2882 4356 (in
2921 4290 3027 4343 edi-

364 4373 514 4427 tione
551 4390 622 4426 ex
659 4372 970 4426 recensione
1010 4375 1157 4426 Petri
1193 4376 1250 4426 et
1285 4374 1573 4425 Francisci
1608 4372 1842 4425 fratrum
1882 4372 2241 4437 Pithoeorum,
2278 4368 2451 4422 Paris
2497 4368 2648 4433 1687,
2687 4368 2832 4438 Lips.
2874 4370 3029 4433 1695,

364 4452 495 4507 ibid.
526 4452 664 4506 1705
704 4455 759 4505 et
796 4451 942 4517 alibi,
981 4454 1051 4506 ad
1074 4470 1290 4506 vocem:
1343 4454 1406 4505 de
1429 4451 1618 4519 jure);
1656 4469 1814 4521 porro
1841 4451 1910 4504 ad
1937 4468 1980 4503 6.
2006 4450 2058 4503 4.
2097 4450 2161 4503 D.
2189 4450 2229 4502 I.
2269 4465 2459 4502 voces:
2500 4450 2619 4501 Mos
2655 4457 2728 4501 est
2740 4468 2763 4515 ;
2799 4450 2868 4502 ad
2906 4467 2950 4503 6.
2979 4451 3027 4503 7.

366 4533 485 4587 ead.
524 4548 746 4586 vocem:
782 4530 1067 4601 successio,
1060 4553 1072 4564 ·
1109 4533 1178 4586 ad
1215 4532 1330 4585 init.
1371 4549 1459 4600 qu.
1488 4533 1536 4585 5.
1579 4531 1635 4585 G.
1676 4532 1774 4594 ΙΙ.,
1763 4551 1774 4562 ·
1814 4532 1883 4584 ad
1920 4530 1953 4598 ἓ
1992 4531 2039 4584 3.
2082 4529 2207 4584 dict.
2248 4528 2399 4583 Grat.
2440 4531 2564 4597 post
2601 4545 2645 4582 6.
2682 4528 2770 4583 48.
2812 4528 2867 4582 Ο.
2908 4529 3028 4583 VII.

365 4630 456 4681 qu.
500 4613 547 4666 1.
585 4628 779 4665 voceS.
816 4615 878 4665 in
903 4616 1095 4681 prima
1133 4629 1313 4666 causa.

547 4692 568 4727 ⁸
607 4690 748 4745 Vide
783 4690 886 4745 hoc
921 4695 1174 4762 respectu
1207 4695 1376 4746 notat.
1405 4691 1551 4745 Corr.
1579 4691 1789 4745 Romm.
1825 4692 1898 4745 ad
1925 4708 1969 4744 6.
1997 4690 2081 4744 23.
2121 4689 2185 4743 D.
2214 4687 2403 4741 LXIII.
2443 4704 2662 4742 vocem:
2701 4692 2762 4740 in
2797 4691 3028 4757 ιτ]ηοιίοε;

364 4790 524 4843 porro
563 4772 634 4826 ad
670 4770 914 4841 inscript.
954 4791 998 4827 6.
1039 4773 1124 4826 32.
1165 4772 1280 4826 ead.
1320 4789 1538 4825 vocem:
1579 4774 1898 4825 constituti&

2528 4852 2615 4908 ὃ*
