3355 5328
370 317 440 371 58
1276 320 1414 373 Pars
1452 320 1492 373 Ι.
1537 319 1832 374 Decretum
1868 318 2133 374 Gratiani.
2206 355 2215 367 .

373 481 480 545 vel
528 480 734 562 sigla:
783 481 976 545 Areh.
1013 481 1430 563 (idiaeonus),
1478 480 1586 545 vel
1633 479 1803 561 sigla
1849 482 2212 555 auctorum,
2264 476 2555 543 Guidone
2603 474 3034 550 anteriorum,

376 579 459 643 ab
506 599 584 643 eo
631 581 854 643 autem
899 577 1356 655 adhibitorum,
1404 576 1825 643 nominatim:
1874 579 1982 661 H„
2033 578 2186 659 Ha„
2236 576 2430 660 Huq„
2479 597 2595 640 see.
2645 575 2731 639 H.
2768 572 3036 653 (secun-

377 677 529 741 dum
576 675 1125 758 Huguccionem)‚
1182 676 1257 741 P.
1309 676 1561 759 (etrus),
1610 698 1725 741 see.
1776 676 1873 758 R,
1922 675 2031 740 vel
2078 673 2279 739 etiam
2325 673 2505 738 nulla
2550 672 2720 754 sigla
2766 671 3041 751 signata

376 778 530 840 sunt
559 775 600 840 ¹.
694 775 899 839 Porro
961 773 1162 839 etiam
1208 773 1322 838 illa
1341 824 1354 851 ,
1420 794 1587 855 quae
1633 794 1898 838 vocem:
1964 774 2233 837 Additio
2293 771 2377 835 ab
2435 770 2621 835 initio
2668 769 3040 852 praefixam

376 893 506 937 non
551 872 816 950 habent,
866 875 1164 938 attamen
1211 871 1277 935 in
1322 872 1452 936 fine
1499 871 1702 954 sigla:
1751 872 2019 936 Archid.
2068 868 2334 952 signata
2380 872 2535 933 sunt
2555 864 2599 933 ².

554 978 732 1055 Quae
780 979 1230 1045 additamenta
1275 979 1536 1060 glossae
1583 977 1847 1043 Decreti
1896 975 2263 1042 ordinariae
2310 997 2394 1041 ex
2452 976 2578 1040 hac
2632 958 2920 1040 editione
2967 971 3040 1035 in

376 1098 600 1142 omnes
648 1081 997 1158 sequentes
1042 1076 1363 1141 editiones
1409 1075 1676 1141 Decreti
1723 1076 2052 1158 glossatas
2097 1078 2366 1157 recepta
2412 1076 2566 1139 sunt
2590 1069 2633 1138 ³.

817 1294 858 1379 ξ
904 1292 998 1361 37.
1090 1294 1324 1361 Menda
1370 1295 1635 1362 Decreti
1686 1295 1956 1382 ejusque
2004 1293 2265 1379 glossae
2316 1290 2600 1358 detecta.

555 1467 660 1530 Ex
709 1487 833 1547 quo
875 1467 1228 1532 Decretum
1278 1466 1573 1532 Gratiani
1623 1488 1747 1550 ope
1793 1465 1957 1531 artis
2002 1462 2520 1548 typographicae
2565 1459 2778 1540 magis
2827 1457 3048 1522 divul-

377 1568 607 1647 gatum
655 1568 724 1630 et
767 1564 888 1629 tali
934 1563 1191 1630 ratione
1237 1564 1523 1630 studium
1571 1565 1711 1648 ejus
1756 1562 2162 1645 frequentius
2209 1560 2458 1625 factum
2504 1561 2669 1636 erat,
2717 1554 3045 1640 paulatim

378 1663 711 1745 cognitum
759 1666 862 1728 est
884 1712 898 1739 ,
948 1662 1119 1726 idem
1166 1664 1517 1728 Decretum
1563 1666 1830 1746 praeter
1876 1682 2061 1725 suam
2108 1656 2585 1743 praestantiam
2631 1655 2835 1720 etiam
2881 1673 3047 1717 nae-

377 1783 498 1826 vos
547 1764 615 1826 et
663 1760 959 1825 defectus
1006 1760 1269 1825 habere.
2799 1758 2801 1760 ’
2905 1748 2910 1761 ’

558 1868 695 1944 Quo
744 1867 1052 1950 pertinet,
2661 1895 2665 1899 ·

561 1978 616 2040 1.
682 1974 853 2056 quod
902 1974 1254 2039 Gratianus
1314 1975 1534 2058 Papae
1592 1976 1826 2039 Leonis
1873 1973 1994 2039 IX.
2060 1969 2558 2052 (1048—1054)
2621 1963 3047 2033 constitutio-

377 2095 560 2139 nem:
622 2074 917 2138 Relatum
967 2081 1053 2137 est
1066 2125 1084 2156 ‚
1149 2073 1207 2138 d.
1260 2072 1317 2137 d.
1370 2075 1473 2138 20.
1523 2071 1730 2155 April.
1785 2073 1954 2135 1052
1982 2069 2027 2148 ⁴,
2090 2070 2174 2135 ad
2222 2090 2412 2151 quam
2462 2068 2602 2151 ipse
2633 2065 2972 2150 provocat
2992 2059 3043 2137 ⁵,

376 2171 626 2236 referre
685 2170 751 2234 in
812 2171 1167 2235 Decretum
1229 2169 1448 2235 omisit
1473 2166 1517 2234 ⁶.
1612 2169 1733 2245 Qui
1796 2168 2054 2249 quidem
2121 2167 2415 2232 defectus
2480 2164 2706 2245 utique
2767 2159 3047 2226 minoris

376 2269 691 2334 momenti
739 2272 839 2346 et,
904 2268 958 2332 si
1004 2266 1187 2332 illam
1233 2289 1543 2349 magnam
1590 2267 1828 2331 molem
1874 2267 2164 2330 locorum
2213 2287 2253 2330 a
2302 2264 2617 2330 Gratiano
2678 2261 2747 2325 in
2792 2261 3047 2324 Decre-

377 2371 520 2432 tum
568 2370 1031 2448 congestorum
1078 2365 1581 2442 consideremus,
1631 2364 1826 2430 facile
1875 2364 2283 2429 excusandus
2332 2367 2451 2428 est.

556 2475 760 2538 Porro
810 2477 1031 2538 autem
1076 2473 1204 2537 huc
1250 2472 1558 2555 pertinet,

559 2584 618 2646 2.
683 2581 853 2661 quod
902 2579 1256 2644 Gratianus
1301 2579 1369 2643 in
1430 2578 1620 2644 dictis
1667 2578 1802 2643 suis
1848 2579 2176 2644 interdum
2224 2577 2492 2654 asserit,
2557 2595 2725 2658 quae
2772 2571 3046 2656 probari

379 2703 508 2746 non
555 2681 831 2763 possunt
854 2679 896 2743 ⁷.

557 2908 575 2939 ¹
617 2906 725 2959 cfr.
764 2924 818 2959 v.
846 2922 900 2972 g.
928 2906 1257 2957 additionem
1293 2904 1366 2971 gl.
1407 2904 1476 2956 ad
1502 2921 1547 2956 c.
1579 2904 1624 2955 1.
1652 2903 1716 2955 D.
1745 2902 1837 2955 VI.
1876 2921 1929 2956 v.
1969 2905 2043 2954 ad
2080 2920 2364 2969 vesperam,
2404 2918 2542 2969 quae
2581 2898 2784 2953 additio
2820 2898 3050 2964 signata

374 2991 460 3041 est
496 2986 620 3053 sigl.
661 2988 811 3051 Hu.;
862 2987 1192 3037 additionem
1228 2984 1301 3051 gl.
1341 2984 1408 3037 ad
1448 3002 1493 3037 c.
1535 2985 1582 3036 5.
1621 2983 1686 3036 D.
1726 2982 1818 3036 XI.
1857 3001 1911 3036 v.
1953 2984 2354 3049 consuetudine,
2400 2998 2538 3049 quae
2576 2978 2780 3033 additio
2819 2977 3048 3045 signata

375 3069 462 3120 est
498 3065 622 3133 sigl.
662 3067 804 3131 Huy.
822 3085 844 3130 ;
881 3066 1209 3116 additionem
1245 3063 1319 3129 gl.
1359 3063 1428 3116 ad
1466 3062 1557 3117 cit.
1597 3080 1713 3115 can.
1753 3080 1806 3115 v.
1835 3080 1972 3130 quae
2009 3066 2262 3115 orientem
2298 3078 2496 3128 versus,
2533 3059 2592 3112 in
2617 3076 2726 3127 qua
2763 3057 3049 3112 additione

376 3163 634 3216 expresse
673 3145 742 3198 ad
778 3142 1067 3197 Rosarium
1106 3142 1367 3197 Guidonis
1419 3144 1484 3196 de
1522 3142 1724 3211 Baysio
1780 3145 2106 3211 provocatur
2143 3141 2230 3194 his
2275 3140 2487 3194 verbis:
2553 3138 2732 3204 „Quae
2768 3138 3050 3191 habentur

375 3228 432 3279 in
468 3224 776 3279 Archidiac.
816 3223 919 3277 hoc
955 3222 1119 3276 locO.“
2186 3244 2193 3251 ·

557 3315 577 3348 2
617 3313 725 3367 cfr.
765 3312 1195 3366 additamentum
1241 3311 1313 3378 gl.
1368 3311 1436 3365 ad
1493 3329 1537 3364 e.
1582 3311 1662 3364 14.
1719 3310 1774 3364 C.
1814 3310 1881 3363 II.
1922 3328 2011 3378 qu.
2052 3311 2100 3362 7.
2139 3328 2192 3363 v.
2233 3311 2422 3361 nolunt
2462 3311 2702 3374 imitari,
2751 3305 2896 3373 quod
2933 3322 3049 3357 non

375 3395 540 3448 habet
575 3394 632 3447 in
657 3394 835 3447 fronte
859 3409 1080 3446 vocem:
1120 3393 1361 3459 Additi0‚
1399 3391 1455 3443 in
1491 3390 1598 3443 fine
1624 3393 1807 3444 autem
1844 3389 1968 3457 sigl.
1996 3391 2161 3442 Areh.
2189 3388 2369 3442 habet.
2422 3388 2482 3440 In
2519 3386 2793 3454 reliquum
2832 3387 2899 3438 de
2937 3384 3051 3438 hoc

376 3476 472 3529 cfr.
516 3476 742 3543 Schulte,
779 3473 880 3526 Die
920 3471 1113 3527 Glosse
1151 3489 1273 3524 zum
1309 3471 1509 3525 Decret
1547 3469 1821 3534 GratianS,
1860 3469 1916 3522 in
1955 3468 2069 3523 citt.
2110 3469 2296 3538 script.
2335 3466 2690 3521 memorabill.
2731 3469 2862 3519 tom.
2890 3465 3045 3518 XXI.

375 3557 514 3624 part.
553 3555 603 3607 2.
642 3572 694 3624 p.
733 3554 818 3608 90.
858 3571 938 3621 sq.

555 3644 575 3677 3
617 3642 725 3697 cfr.
768 3643 982 3695 Schulte
1018 3641 1052 3694 l.
1094 3658 1139 3694 c.
1177 3659 1229 3711 p.
1269 3641 1354 3695 90.

556 3732 580 3765 4
618 3730 782 3798 Jaffe,
821 3730 1061 3796 Regesta
1098 3728 1314 3782 Pontiff.
1355 3728 1583 3791 Romm„
1622 3728 1705 3780 ed.
1744 3726 1920 3780 Berol.
1964 3727 2118 3789 1851,
2157 3745 2208 3795 p.
2249 3726 2368 3779 375.
2408 3744 2459 3777 n.
2500 3725 2657 3777 3246.

561 3814 579 3845 ⁵
616 3810 679 3863 In
716 3809 749 3876 ἓ
789 3811 894 3862 Sed
930 3826 1039 3861 non
1076 3811 1287 3862 videtur
1325 3807 1457 3861 dicti
1495 3807 1581 3860 sui
1618 3807 1690 3860 ad
1727 3825 1771 3860 c.
1814 3809 1862 3860 7.
1904 3806 1970 3870 C„
2000 3806 2146 3860 XIII.
2188 3823 2275 3874 qu.
2315 3806 2365 3858 2.

557 3901 578 3934 ⁶
614 3898 771 3951 Illam
808 3896 1249 3951 constitutionem
1301 3896 1634 3967 pontificiam
1669 3896 1914 3950 referunt
1946 3894 2060 3965 jam
2097 3894 2430 3962 antiquiores
2468 3892 2783 3947 canonistae
2802 3934 2816 3956 ,
2873 3893 3053 3946 nomi—

376 3978 547 4032 natim
576 3979 859 4030 Anselmus
883 3978 1140 4030 Lucensis
1171 3976 1282 4044 (lib.
1311 3976 1377 4029 V.
1417 3992 1537 4045 cap.
1564 3974 1697 4041 51.),
1724 3969 1827 4029 'Ivo
1858 3976 2201 4028 Carnotensis
2231 3974 2466 4042 (Decret.
2491 3973 2586 4028 lib.
2614 3972 2736 4026 VH.
2776 3990 2897 4043 cap.
2931 3974 3047 4040 15.)

378 4063 434 4113 et
478 4060 787 4124 Greyorius,
829 4055 1131 4109 Cardinalis
1169 4056 1456 4125 presbyter
1498 4054 1808 4124 (Polycarp.
1849 4054 1940 4108 lib.
1981 4054 2073 4107 IV.
2114 4072 2229 4123 cap.
2271 4054 2401 4121 34.).

560 4150 577 4180 '¹
598 4145 738 4198 'Huc
774 4144 1058 4197 referenda
1096 4147 1181 4197 est
1216 4163 1269 4197 v.
1309 4139 1373 4210 g.
1403 4143 1520 4213 ejus
1558 4143 1804 4207 asserti0,
1841 4142 1898 4195 in
1935 4142 2107 4212 ipsius
2146 4142 2288 4196 dicto
2326 4142 2443 4195 init.
2483 4142 2548 4195 D.
2587 4142 2791 4196 XVIII.
2847 4143 3054 4213 posita,

377 4227 674 4281 secundum
725 4241 889 4293 quam
928 4222 1167 4276 Concilia
1218 4223 1591 4293 episcoporum
1635 4240 1744 4275 non
1780 4225 2008 4291 possunt
2057 4223 2284 4275 condere
2322 4222 2727 4275 ecclesiasticas
2778 4223 3051 4276 constitu·

375 4308 551 4361 tiones
607 4304 820 4375 proprie
874 4303 1016 4357 tales
1037 4345 1050 4367 ,
1115 4304 1210 4357 sed
1255 4303 1628 4357 tantummodo
1684 4302 1872 4355 fideles
1923 4301 2027 4355 sibi
2077 4302 2321 4355 subditos
2372 4319 2590 4355 monere
2643 4305 2699 4355 et
2749 4302 3052 4369 corrigere.

377 4386 530 4452 Quod
562 4386 677 4456 jam
714 4384 897 4451 glossa
937 4383 1005 4436 ad
1042 4382 1132 4436 cit.
1174 4382 1299 4436 dict.
1343 4381 1496 4436 Grat.
1534 4399 1588 4434 v.
1629 4384 2051 4434 constituendum
2086 4381 2401 4450 reprobavit
2425 4400 2524 4435 ceu
2562 4381 2783 4443 falsum,
2825 4381 3053 4436 dicens:

385 4466 555 4531 „Illud
589 4483 697 4518 non
735 4467 820 4517 est
855 4479 1047 4517 verum
1064 4505 1076 4526 ‚
1125 4462 1253 4529 quia
1304 4460 1545 4531 episcopi
1595 4462 1731 4515 bene
1768 4463 1996 4529 possunt
2045 4460 2272 4513 condere
2320 4478 2554 4515 canones
2604 4460 2956 4530 episcopales
2994 4466 3059 4517 et

379 4544 816 4614 archiepiscopus
853 4541 1261 4612 provincialeS.“
1325 4540 1493 4593 Porro
1530 4540 1637 4593 huc
1662 4539 1899 4609 pertinet
1935 4539 2052 4609 ejus
2089 4539 2268 4609 opinio
2306 4540 2451 4594 circa
2489 4540 2889 4594 confessionem
2933 4560 3058 4596 ora·

379 4625 487 4676 lem
522 4624 580 4676 in
617 4623 965 4677 Sacramento
1002 4619 1406 4683 Poenitentiae,
1453 4619 1628 4673 relata
1664 4619 1721 4672 in
1758 4618 1931 4687 ipsius
1969 4618 2112 4672 dicto
2149 4623 2274 4688 post
2322 4638 2367 4674 c.
2408 4620 2493 4674 89.
2533 4619 2596 4672 D.
2635 4620 2677 4672 I.
2733 4620 2802 4672 de
2842 4622 3060 4689 poenit.

380 4702 534 4756 Alias
570 4702 876 4773 hujusmodi
913 4717 1166 4755 erroneas
1202 4698 1533 4753 assertiones
1560 4697 1808 4752 Gratiani
1844 4699 2014 4751 refert
2045 4700 2280 4767 Richter,
2318 4699 2398 4752 De
2437 4698 2884 4753 emendatoribus
2914 4700 3062 4756 Gra-

378 4783 529 4837 tiani.
605 4783 748 4852 Lips.
792 4782 946 4846 1835,
984 4800 1035 4851 p.
1080 4781 1160 4834 15.
1199 4782 1311 4833 not.
1352 4778 1401 4833 3.

356 5085 423 5136 Ἆ
