3355 5328
1370 342 1545 412 Caput
1582 343 1650 398 II.
1703 343 1736 410 ξ
1778 345 1860 397 15.
2873 343 2944 397 25

463 502 845 568 Relationes
892 507 1233 568 auctorum
1279 503 1716 585 antiquorum,
1769 503 1960 568 modo
2007 503 2396 586 propositaS,
2446 503 2793 569 assertioni
2838 524 2943 568 re-

286 600 650 666 centiorum
668 651 682 678 ,
732 600 1029 684 superius
1076 602 1430 679 adductae,
1488 602 1909 684 praevalere,
1961 622 2078 684 per
2124 622 2197 665 se
2244 601 2511 667 evidens
2558 605 2679 668 est.
2773 602 2945 668 Utra

284 703 509 765 autem
557 720 642 763 ex
687 699 789 763 his
834 699 1263 765 relationibus
1310 703 1650 765 auctorum
1685 699 2101 781 antiquorum
2134 699 2327 764 alteri
2368 699 2803 783 praeferenda
2834 699 2941 778 sit,

284 817 433 861 cum
481 796 873 862 certitudine
940 797 1147 862 decidi
1207 797 1436 879 nequit
1462 795 1502 863 ¹.
1596 797 1788 863 Unde
1850 797 2024 862 circa
2084 797 2252 862 hanc
2299 797 2750 878 quaestionem
2798 819 2945 862 cum

284 895 541 961 erudito
601 895 744 960 viro
791 897 1064 961 Waltero
1086 893 1111 932 ²
1168 894 1551 979 simpliciter
1598 895 1942 960 dicendum
1988 895 2251 960 videtur
2268 946 2282 973 ,
2344 897 2736 987 adornatum
2782 918 2945 979 opus

291 993 593 1059 Gratiani
639 1014 785 1058 esse
832 1015 1002 1058 anno
1055 996 1226 1059 1150
1273 997 1366 1059 vel
1418 996 1607 1059 1151.

396 1093 411 1099 ⁴
463 1093 792 1157 Bononiae
837 1095 1079 1169 autem,
1129 1094 1198 1157 et
1245 1091 1504 1173 quidem
1549 1091 1619 1156 in
1664 1091 2065 1157 monasterio
2100 1091 2210 1157 SS.
2245 1092 2480 1156 Felicis
2527 1095 2595 1157 et
2633 1091 2939 1169 NaboriS,

281 1190 676 1254 adornatum
723 1189 883 1255 illud
929 1211 1092 1272 opus
1139 1210 1283 1254 esse
1302 1239 1316 1267 ,
1385 1189 1655 1271 antiqua
1704 1189 2094 1254 documenta
2140 1211 2341 1273 supra
2364 1186 2389 1226 ³
2456 1189 2662 1254 allata
2708 1189 2943 1254 unani-

281 1287 482 1353 miter
528 1291 1003 1353 contestantur.

588 1496 626 1581 ξ
673 1493 766 1563 15.
861 1498 1061 1572 Quem
1107 1496 1375 1563 titulum
1424 1496 1781 1564 Gratianus
1829 1496 2013 1583 operi
2060 1515 2176 1563 suo
2221 1497 2628 1583 praefixerit.

464 1666 803 1749 Appellari
865 1688 1026 1750 opus
1075 1666 1375 1732 Gratiani
1436 1667 1609 1749 apud
1669 1666 2024 1749 scriptores
2087 1660 2404 1748 antiquos
2452 1667 2622 1732 solet
2669 1665 2945 1731 diversis

281 1763 671 1842 nominibuS,
718 1764 849 1830 uti:
896 1766 1168 1830 Decreta
1193 1763 1239 1847 ⁴,
1292 1766 1501 1829 Codex
1549 1767 1958 1848 decretorum,
2011 1765 2254 1849 Corpus
2293 1767 2703 1849 decretorum,
2750 1766 2948 1830 Liber

286 1864 711 1947 decretorum,
773 1864 1071 1927 Volumen
1120 1865 1540 1946 decretorum,
1592 1863 1791 1927 Liber
1836 1885 2181 1945 canonum,
2235 1863 2705 1928 Concordantia
2753 1864 2943 1944 (Con-

285 1960 541 2041 cordia)
591 1958 1098 2026 discordantium
1147 1984 1491 2044 canonum,
1554 1960 1776 2025 immo'
1792 1962 1931 2044 jam
1977 1961 2188 2026 altero
2237 1960 2500 2026 dimidio
2547 1982 2717 2033 saec,
2766 1962 2943 2028 XIII.

292 2058 495 2123 etiam
546 2059 787 2144 Corpus
821 2061 1001 2143 juris
1047 2061 1338 2124 canonici
1356 2057 1400 2124 ⁵.

284 2258 477 2313 lesimo
517 2260 814 2314 centesimo
853 2260 1303 2330 quinquagesimo
1341 2260 1513 2331 primo
1553 2260 1849 2315 Gratianus
1886 2261 2201 2325 MonachuS,
2247 2262 2312 2314 de
2352 2261 2543 2315 Classa
2580 2261 2804 2316 civitate
2842 2263 2945 2316 Tu·

283 2339 433 2393 sciae
469 2342 649 2402 natuS,
687 2340 977 2394 Decretum
1016 2341 1319 2411 composuit
1355 2342 1498 2411 apud
1523 2340 1818 2394 Bononiam
1857 2340 1913 2393 in
1950 2341 2277 2394 monasterio
2315 2341 2491 2395 sancti
2528 2341 2772 2396 FeliciS.“
2834 2342 2943 2397 cfr.

285 2419 376 2473 cit.
415 2419 820 2474 Praefationem
862 2421 1033 2488 (Corr.
1073 2422 1327 2488 Romm.).

465 2500 518 2565 c)
562 2500 597 2552 J
599 2518 687 2552 am
724 2519 890 2571 supra
929 2502 1004 2571 (p.
1030 2503 1138 2568 11.)
1180 2505 1535 2555 memoratum
1570 2504 1981 2554 monumentum
2007 2500 2272 2565 Gratiani,
2311 2501 2582 2554 Bononiae
2621 2501 2677 2555 in
2715 2502 2946 2556 ecclesia

285 2578 337 2632 S.
378 2579 623 2633 Petronii
659 2580 785 2634 olim
826 2585 1170 2636 asservatum
1209 2585 1265 2636 et
1301 2600 1349 2635 a.
1381 2582 1518 2635 1499
1555 2584 1893 2645 renovatum,
1933 2599 2054 2634 cum
2093 2581 2195 2635 hac
2232 2581 2611 2652 inscriptione:
2656 2582 2751 2647 „D.
2780 2582 2843 2636 Ο.
2869 2583 2944 2637 Μ.

291 2658 543 2714 Gratiani
581 2659 792 2715 Clusini
830 2661 1079 2716 Caesarei
1123 2662 1229 2733 jur.
1283 2664 1339 2716 et
1374 2661 1531 2716 Pont.
1584 2660 1944 2715 enucleatoris
1981 2680 2146 2732 prope
2186 2661 2379 2716 divini:
2429 2661 2521 2731 qui
2557 2661 2853 2717 monachus
2889 2662 2948 2717 in

288 2743 597 2810 martyrum
633 2741 831 2795 Felicis
869 2747 925 2797 et
961 2743 1010 2796 N
1013 2743 1192 2797 aboris
1231 2744 1362 2796 aede
1401 2742 1712 2796 absolutiSS.
1757 2741 1958 2796 ibidem
1994 2760 2129 2812 opus
2165 2742 2520 2796 Decretorum
2556 2760 2696 2796 anno
2733 2743 2945 2809 gratiae

286 2819 518 2873 M.C.LI.
558 2821 921 2891 compilavit.“
1004 2825 1185 2889 (Sartz’
1222 2822 1258 2876 l.
1299 2841 1344 2876 c.
1383 2826 1510 2876 tom.
1551 2823 1592 2874 Ι.
1632 2826 1771 2893 part.
1815 2823 1861 2875 1.
1900 2841 1951 2892 p.
1990 2823 2138 2888 266.)
2751 2887 2754 2890 η

466 2901 524 2967 d)
565 2900 785 2955 Notatio
815 2902 1075 2956 Gratiano
1101 2921 1320 2967 coaeva,
1346 2921 1379 2956 a
1405 2903 1688 2956 canonista
1708 2905 1822 2957 Jos.
1849 2906 1976 2956 Ant.
2004 2905 2067 2955 de
2085 2905 2312 2970 Rieyqer
2335 2902 2393 2955 in
2418 2902 2797 2957 dissertatione
2825 2921 2946 2958 aca-

286 2980 496 3034 demica
522 2982 586 3034 de
612 2981 903 3046 „Gratiano
923 2987 1143 3037 auctore
1162 2983 1411 3036 Decreti¹'
1437 3001 1484 3036 a.
1510 2984 1646 3036 1769
1667 2982 1870 3047 habita,
1891 2983 1924 3049 ᾖ
1944 2982 2038 3035 ΙΙΙ.
2060 2982 2317 3049 allegata,
2343 2982 2411 3035 ab
2432 3000 2510 3047 eo,
2537 2986 2600 3035 ut
2623 2982 2739 3053 ipse
2759 2985 2945 3050 refert,

285 3059 341 3113 in
378 3060 648 3127 singulari
686 3063 917 3130 quodam
955 3063 1084 3117 folio
1121 3065 1532 3116 membranaceo
1584 3062 1785 3117 codicis
1824 3062 2106 3116 Gratianei
2141 3080 2241 3116 mS.
2261 3105 2273 3127 ,
2319 3062 2376 3115 in
2414 3062 2540 3116 bibl.
2580 3080 2705 3131 aug.
2744 3063 2944 3118 Vindo-

285 3139 510 3193 bonensi
548 3142 835 3207 exstantis,
873 3142 1114 3207 inventa,
1153 3143 1314 3214 hujus
1352 3143 1554 3196 tenoris
1593 3144 1916 3197 verborum:
1976 3142 2165 3209 „Liber
2201 3143 2553 3196 Decretorum
2590 3161 2687 3212 per
2725 3143 2944 3198 Gracia-

284 3238 414 3273 num
455 3220 601 3275 Clus,
640 3223 962 3276 monachum
1002 3223 1056 3277 S.
1094 3223 1291 3277 Felicis
1330 3222 1573 3277 civitatis
1612 3222 1967 3276 Bononiensis
2010 3222 2214 3276 ordinis
2252 3222 2305 3276 S.
2345 3223 2626 3276 Benedicti
2662 3223 2769 3277 fuit
2805 3243 2944 3278 com-

284 3300 490 3369 pilatus
525 3300 584 3354 in
622 3303 810 3355 eodem
848 3303 1175 3357 monasterio
1213 3322 1352 3357 anno
1390 3303 1604 3357 Domini
1641 3302 1863 3356 MCLI.“
1930 3305 2068 3369 (Jos.
2109 3306 2236 3356 Ant.
2276 3306 2525 3371 Rieyym·2‘
2562 3303 2837 3373 Opuscula
2874 3306 2945 3359 ad

283 3380 473 3435 histor.
514 3384 571 3435 et
614 3382 1004 3453 jurisprudent.
1055 3384 1343 3453 praecipue
1382 3382 1513 3437 eccl.
1552 3382 1895 3452 pertinentia.
1971 3382 2218 3450 Friburg.
2258 3383 2436 3451 Brisg.
2479 3384 2647 3447 1773,
2700 3402 2752 3453 p.
2792 3385 2938 3452 270.)

465 3462 518 3528 e)
562 3461 862 3517 Chronicon
900 3467 1135 3517 Joannis
1184 3466 1248 3516 de
1291 3466 1573 3517 Thielrode
1590 3505 1606 3532 ,
1662 3462 1912 3516 monachi
1967 3462 2219 3516 abbatiae
2257 3463 2311 3517 S.
2349 3462 2589 3516 Bavonis
2625 3462 2683 3516 in
2719 3463 2944 3518 civitate

285 3541 637 3597 Gandavensi
680 3543 849 3610 (Gent
883 3544 938 3597 in
977 3544 1225 3611 Belgio),
1277 3545 1345 3597 ab
1383 3544 1501 3613 ipso
1538 3561 1734 3596 versus
1771 3544 1934 3596 finem
1971 3561 2112 3596 saec.
2151 3543 2297 3596 XIII.
2337 3544 2687 3608 adornatum,
2744 3544 2837 3597 ubi
2873 3546 2944 3599 ad

288 3639 336 3675 a.
382 3621 515 3675 1151
557 3624 819 3677 refertur:
880 3624 1206 3689 „Gratianus
1242 3623 1559 3687 Monachus,
1599 3624 1664 3676 de
1705 3623 1876 3677 Guisa
1913 3622 2140 3676 civitate
2177 3622 2408 3676 Tusciae
2447 3626 2626 3688 natue,
2666 3624 2945 3678 decretum

282 3701 588 3771 composuit
622 3702 723 3756 hoc
761 3722 899 3757 anno
936 3704 1159 3758 MCLI.“
1220 3705 1593 3772 (Warnko‘ni9‚
1631 3703 1984 3757 Flandrische
2011 3702 2217 3757 Staats-
2255 3704 2367 3756 und
2404 3702 2944 3771 Rechtsgeschichte.

285 3781 519 3849 Tubing.
563 3783 715 3847 1835,
754 3787 882 3837 tom.
920 3785 963 3838 Ι.
1002 3803 1053 3855 Ρ.
1092 3785 1210 3849 49.;
1251 3786 1481 3852 Phillips
1516 3784 1551 3837 l.
1592 3802 1637 3837 c.
1676 3787 1806 3837 tom.
1845 3784 1938 3838 IV.
1978 3802 2029 3854 p.
2074 3784 2190 3837 146.
2229 3787 2339 3838 not.
2378 3784 2489 3850 23.)

467 3876 482 3905 ¹
518 3872 570 3926 N
572 3890 633 3926 ec
670 3877 887 3943 praesto
925 3877 1011 3927 est
1048 3873 1327 3927 sufficiens
1363 3873 1503 3927 ratio
1544 3873 1830 3943 positionis
1844 3916 1856 3935 ‚
1905 3874 2226 3927 documenta
2265 3873 2456 3927 ultimo
2496 3874 2732 3927 adducta
2773 3892 2944 3928 annos

282 3950 598 4005 Dominicae
635 3953 1031 4007 Incarnationis
1068 3957 1382 4023 computare
1420 3955 1718 4007 secundum
1758 3952 2026 4007 calculum
2056 3956 2331 4022 Pisanum,
2371 3953 2464 4021 qui
2497 3953 2764 4007 calculum
2804 3972 2944 4008 com·

282 4049 501 4084 munem
538 4031 596 4085 in
631 4051 854 4087 numero
891 4051 1154 4087 annorum
1203 4051 1310 4087 uno
1362 4051 1500 4088 anno
1538 4037 1765 4103 superat
1804 4034 1926 4099 (cfr.
1965 4036 2339 4086 Brae‘nckmeier
2352 4075 2368 4102 ,
2419 4033 2601 4087 Pract.
2640 4035 2944 4089 Handbuch

285 4112 380 4165 der
416 4111 547 4165 hist.
588 4112 945 4181 Chronologie
982 4114 1118 4168 aller
1155 4114 1341 4167 Zeiten
1375 4115 1487 4167 und
1524 4113 1748 4177 Volker,
1788 4115 1869 4167 ed.
1909 4114 1976 4167 II.
2030 4114 2206 4167 Berol.
2251 4115 2404 4178 1882,
2443 4132 2494 4184 p.
2534 4114 2619 4167 93.
2658 4115 2799 4182 sq.);
2839 4133 2944 4183 quo

286 4209 418 4245 casu
456 4191 650 4246 relatio
689 4195 1146 4258 documentorum,
1184 4212 1350 4264 supra
1387 4197 1496 4247 not.
1537 4195 1909 4259 adductorum,
1948 4211 2072 4247 cum
2108 4194 2371 4247 relatione
2398 4196 2635 4248 Joanm's
2667 4196 2945 4248 Teutonici

285 4274 341 4324 et
375 4272 612 4342 praefati
662 4273 865 4327 codicis
901 4292 1001 4327 ms,
1043 4276 1418 4341 Suffolkiensis
1454 4273 1644 4342 utique
1684 4277 2022 4341 congrueret.
2100 4274 2211 4327 cfr.
2248 4276 2502 4327 Maassen
2552 4274 2588 4327 1.
2629 4292 2674 4328 c.
2727 4292 2779 4344 Ρ.
2818 4275 2941 4328 478.

469 4353 488 4386 ²
526 4354 991 4407 Walter-Gerlach
1027 4354 1062 4407 l.
1103 4372 1148 4408 c.
1188 4373 1241 4423 p.
1281 4355 1402 4408 241.
1586 4355 1607 4390 ⁸
1643 4353 1780 4421 Pag.
1820 4355 1905 4408 24.
1944 4357 2055 4407 not.
2096 4356 2144 4408 9.

463 4433 488 4466 ⁴
525 4431 641 4496 Qua
677 4433 887 4487 ratione
923 4433 1030 4487 loci
1065 4434 1229 4504 hujus
1266 4433 1445 4504 operis
1483 4435 1627 4504 apud
1664 4434 1917 4502 antiquos
1948 4433 2259 4488 canonistas
2296 4433 2534 4488 citantur
2571 4452 2695 4488 cum
2732 4433 2943 4505 apposi-

284 4511 429 4565 tione
466 4512 648 4567 vocis:
686 4517 748 4566 in
785 4516 1022 4567 decretis.
1099 4513 1208 4567 cfr.
1248 4532 1414 4584 supra
1451 4532 1502 4584 p.
1543 4516 1592 4568 9.

465 4596 484 4628 ⁵
519 4593 683 4663 Apud
723 4595 875 4646 Sarti
922 4594 958 4646 l.
999 4611 1045 4647 c.
1084 4597 1214 4647 tom.
1253 4595 1293 4647 Ι.
1332 4597 1472 4664 part.
1512 4595 1561 4647 2.
1602 4596 1830 4663 append.
1884 4613 1934 4664 p.
1975 4595 2094 4648 214.
2147 4613 2199 4647 n.
2238 4594 2383 4648 XIV.
2423 4593 2712 4648 adducitur
2750 4613 2942 4649 exara-

284 4675 400 4725 tum
454 4672 539 4726 die
585 4674 670 4726 24.
712 4673 747 4725 J
749 4672 847 4726 ulii
901 4673 1017 4740 (IX.
1070 4674 1190 4727 Kal.
1243 4675 1504 4741 August.)
1550 4675 1687 4727 1262
1739 4674 2160 4728 instrumentum
2214 4673 2519 4728 donationis
2564 4675 2942 4729 nonnullorum

282 4751 541 4806 librorum
557 4795 569 4817 ,
609 4756 665 4806 et
700 4752 844 4806 inter
881 4771 974 4807 eos
1010 4753 1328 4808 nominatim
1363 4754 1583 4808 Decreti
1621 4753 1871 4808 Gratiani
1907 4754 2008 4807 sub
2044 4754 2236 4808 titulo:
2299 4753 2539 4824 „Corpus
2578 4754 2612 4807 J
2614 4754 2730 4808 uris
2769 4755 2940 4809 Cano-

284 4831 442 4897 nici“,
494 4850 630 4902 quos
680 4832 848 4886 libros
884 4833 1085 4886 Doctor
1121 4834 1476 4888 Decretorum
1493 4876 1506 4898 ,
1562 4834 1776 4887 nomine
1815 4836 2156 4900 Bonajuncta
2198 4836 2424 4901 Peponis
2438 4876 2454 4903 ‚
2506 4833 2832 4887 monasterio
2885 4837 2942 4888 et
