3355 5328
1398 317 1574 388 Caput
1608 319 1703 373 VI.
1758 318 1790 386 ἓ
1830 319 1915 373 38.
2867 317 2932 371 61

458 479 518 542 3.
581 477 869 543 Joannes
917 479 1261 558 Quintinae-s
1274 529 1293 560 ,
1355 478 1575 561 patria
1607 477 2235 563 ,Augustodunensis
2279 477 2348 542 in
2396 475 2625 553 Gallia,
2676 475 2941 541 Ordinis

278 574 876 658 Hospitalariorum
947 575 1008 641 S.
1076 576 1119 641 J
1122 575 1351 640 oannis
1419 577 1767 660 presbyter
1788 627 1804 654 ‚
1874 575 2211 660 professor
2271 574 2438 659 juris
2506 573 2940 656 (antecessor)

276 671 346 736 in
408 671 863 738 Universitate
925 672 1279 739 Parisiensi
1341 672 1412 755 (†
1462 674 1660 756 1561)
1687 672 1707 712 ¹
1726 725 1742 752 ,
1810 674 1918 756 qui
1983 673 2049 737 in
2116 694 2233 763 suo
2300 692 2533 756 opere:
2605 673 2938 757 Speculum

278 771 637 835 Sacerdotii
659 767 684 807 ²
746 770 1060 836 nonnulla
1077 820 1092 849 ,
1155 792 1323 853 quae
1382 771 1451 836 in
1495 773 1779 837 Decreto
1829 771 2125 838 Gratiani
2186 769 2641 836 emendatione
2687 769 2940 851 indige-

276 871 447 946 rent,
498 867 761 934 notavit
779 865 825 934 ³.

459 977 519 1040 4.
569 976 889 1040 Antonius
911 976 1334 1041 Demochares
1368 977 1478 1056 (de
1507 976 1830 1063 Mouchy),
1865 975 2261 1058 Theologiae
2292 975 2359 1039 in
2389 972 2743 1040 Parisiensi
2773 973 2939 1040 Uni-

273 1071 601 1138 versitate
648 1072 984 1156 professor
1029 1071 1100 1154 (†
1150 1073 1350 1156 1574)
1370 1073 1417 1152 ⁴,
1481 1074 1590 1156 qui
1638 1075 1722 1140 ad
1767 1074 2123 1139 Decretum
2184 1071 2659 1138 emendandum
2706 1075 2774 1137 et
2820 1092 2937 1136 ex-

274 1170 678 1253 planandum
724 1170 898 1236 inter
943 1174 1209 1236 caetera
1254 1171 1320 1236 id
1365 1171 1719 1255 praestitit,
1769 1173 1941 1254 quod
1988 1171 2054 1236 in
2100 1171 2279 1248 lociS,
2334 1192 2373 1235 a
2422 1168 2737 1235 Gratiano
2786 1168 2936 1233 sim-

271 1266 537 1351 pliciter
580 1271 928 1354 Auqustini
940 1321 959 1352 ,
1023 1269 1346 1335 Ambrosii
1402 1273 1471 1335 et
1515 1270 1913 1351 reliquorum
1953 1269 2213 1335 nomine
2273 1267 2571 1333 adductis
2590 1317 2604 1345 ‚
2668 1287 2936 1350 operum

269 1364 505 1431 titulos
553 1386 630 1430 ac
675 1366 988 1431 librorum
1033 1371 1103 1432 et
1149 1367 1435 1451 capitum
1481 1388 1788 1433 numeros
1836 1367 2172 1451 apposuit;
2222 1387 2417 1450 porro
2465 1385 2775 1447 magnam
2823 1384 2934 1429 co-

270 1462 455 1547 piam
500 1463 833 1528 variarum
887 1464 1239 1530 lectionum
1257 1514 1271 1542 ‚
1332 1469 1475 1530 tum
1534 1486 1619 1530 ex
1675 1465 1961 1546 antiquis
2011 1463 2308 1531 Gratiani
2370 1463 2698 1529 codicibu's
2759 1483 2935 1539 mss,

270 1565 420 1626 tum
486 1582 570 1626 ex
639 1562 1013 1627 auctoribus
1082 1583 1402 1628 canonum
1463 1564 1921 1642 collectarum,
1998 1567 2195 1645 atque
2255 1561 2577 1645 duplicem
2636 1560 2934 1638 indicem,

270 1658 585 1726 videlicet
630 1681 951 1725 canonum
998 1664 1066 1726 et
1096 1681 1339 1739 rerum,
1384 1660 1666 1738 addidit;
1713 1661 1982 1746 insuper
2013 1661 2213 1726 etiam
2250 1662 2567 1746 paratitlo
2600 1657 2933 1736 adnexuit,

270 1756 315 1822 i.
370 1778 427 1823 e.
476 1757 712 1823 breves
744 1758 1203 1824 adnotationes
1234 1758 1303 1823 in
1333 1759 1629 1841 margine
1660 1759 1931 1843 positas,
1981 1758 2213 1840 quibus
2245 1757 2651 1840 singularum
2698 1755 2937 1820 sectio-

270 1876 435 1920 num
480 1858 708 1921 textus
738 1856 1003 1923 Decreti
1047 1857 1156 1921 vel
1203 1858 1343 1940 ejus
1374 1858 1636 1939 glossae
1683 1857 2050 1923 succinctus
2083 1860 2471 1940 conspectus
2517 1876 2634 1920 seu
2680 1874 2936 1919 summa

270 1952 630 2019 exhibetur
653 1952 698 2019 ⁵.
761 1954 943 2019 Idem
988 1975 1183 2038 porro
1233 1954 1434 2020 etiam
1479 1955 1747 2021 Decreti
1791 1958 2052 2020 textum
2096 1955 2164 2018 in
2210 1953 2538 2019 nonnullis
2583 1952 2743 2018 locis
2791 1973 2936 2017 cor-

265 2050 455 2117 rexit
474 2050 518 2117 6.
590 2051 774 2117 Haec
820 2052 1038 2117 omnia
1084 2052 1352 2118 exhibet
1397 2054 1537 2137 ejus
1583 2053 1782 2119 editio
1828 2052 2112 2132 Decreti,
2160 2050 2428 2117 Parisiis
2480 2053 2645 2115 1547
2695 2048 2934 2133 publici

261 2148 440 2233 juris
485 2148 683 2215 facta.
748 2150 933 2216 Haec
979 2150 1178 2216 editio
1226 2151 1438 2216 denuo
1484 2151 1728 2235 prodiit
1772 2150 2075 2232 Lugduni
2110 2152 2313 2226 1555;
2371 2149 2474 2214 cui
2520 2146 2789 2213 editioni
2834 2146 2933 2210 in-

269 2268 478 2331 super
522 2246 748 2313 addita
794 2251 896 2314 est
944 2247 1244 2314 Gratiani
1288 2248 1449 2327 vita,
1498 2248 1790 2314 recensio
1840 2252 2199 2325 auctorum,
2247 2247 2314 2311 in
2353 2247 2637 2312 Decreto
2686 2245 2934 2326 allega-

267 2349 518 2423 torum,
567 2349 766 2427 atque
812 2346 1116 2430 synopsis
1161 2346 1447 2412 Decreti.
1541 2346 1721 2422 Quae
1768 2346 1966 2412 editio
2015 2346 2317 2428 deinceps
2364 2345 2603 2410 iterum
2649 2341 2936 2425 repetita

269 2446 383 2509 est
428 2443 698 2508 Parisiis
748 2445 916 2509 1561
950 2443 993 2511 ⁷.

461 2552 520 2616 5.
573 2551 839 2616 Carolus
885 2551 1243 2616 Molinaeus
1304 2552 1424 2631 (du
1484 2551 1764 2639 Mod-in)
1776 2603 1795 2635 ,
1857 2550 2075 2634 patria
2133 2549 2521 2615 Parisiensis
2540 2598 2555 2626 ,
2612 2547 2934 2632 juriscon-

265 2647 491 2714 sultus
538 2651 607 2714 et
652 2648 1045 2727 advocatus,
1106 2652 1302 2715 natus
1349 2671 1407 2715 a.
1463 2651 1671 2731 1500,
1733 2650 1776 2731 †
1827 2650 1995 2714 1568
2018 2645 2064 2715 ⁸.
2159 2647 2281 2726 Qui
2343 2647 2603 2730 quidem
2649 2667 2779 2711 non
2827 2667 2934 2711 so-

264 2747 443 2824 lum,
504 2749 580 2812 ut
617 2748 756 2831 jam
800 2768 999 2831 supra
1043 2746 1107 2829 (ἓ
1151 2747 1286 2830 26.)
1331 2747 1707 2814 notavimus
1726 2797 1740 2825 ‚
1803 2746 2233 2813 auctoritates
2276 2746 2542 2813 Decreti
2560 2796 2575 2823 ,
2639 2744 2934 2827 exceptis

267 2846 516 2928 Paleis,
564 2848 847 2910 numeris
892 2844 1200 2927 signavit,
1249 2866 1478 2911 verum
1512 2845 1714 2912 etiam
1743 2845 2010 2911 Decreti
2048 2848 2309 2910 textum
2341 2843 2688 2909 emendare
2736 2846 2934 2923 atque

264 2944 423 3027 ejus
468 2943 756 3024 glossam
803 2943 1132 3026 explicare
1179 2944 1444 3025 sategit.
1528 2944 1673 3009 Hoc
1721 2942 2018 3009 exhibuit
2061 2943 2128 3007 in
2176 2964 2297 3008 sua
2342 2941 2627 3008 editione
2668 2939 2935 3006 Decreti

267 3062 429 3106 cum
475 3041 714 3122 glossa,
764 3060 931 3123 quae
976 3041 1219 3125 prodiit
1265 3042 1472 3124 Lugd.
1513 3044 1683 3107 1554
1732 3045 1799 3107 et
1844 3041 2082 3107 iterum
2114 3039 2266 3106 ibid.
2306 3042 2473 3105 1559
2521 3039 2590 3104 in
2621 3038 2712 3116 4⁰,
2762 3037 2933 3122 apud

266 3138 630 3220 Hugonem
678 3159 718 3203 a
762 3139 983 3204 Porta.
1075 3139 1168 3205 Et
1225 3137 1295 3203 in
1356 3138 1747 3223 explicanda
1807 3138 2065 3221 quidem
2126 3138 2349 3220 glossa
2391 3136 2660 3204 Decreti
2705 3137 2935 3201 lauda-

465 3350 481 3383 ¹
521 3350 742 3417 Doujat‚
780 3348 1199 3404 Praenotionum
1237 3368 1423 3405 canon.
1462 3350 1554 3404 lib.
1593 3351 1660 3403 V.
1701 3368 1817 3419 cap.
1858 3350 1906 3404 8.
1946 3350 2027 3403 611.
2067 3349 2158 3404 cit.
2197 3367 2247 3419 p.
2286 3349 2407 3402 454.

463 3428 484 3463 ²
520 3427 810 3498 Speculum
834 3428 1150 3495 Sacerdotii‚
1187 3430 1307 3485 sive
1344 3430 1607 3500 Apostoli,
1647 3428 2003 3484 describentis
2022 3428 2429 3498 Episcoporum,
2468 3427 2934 3496 Presbyterorum,

270 3512 340 3563 et
376 3506 734 3562 Diaconorum
770 3527 948 3564 mores
985 3510 1267 3578 σημείωσις,
1307 3528 1376 3564 ex
1414 3510 1568 3564 XXV
1595 3509 1845 3565 Gratiani
1880 3508 2332 3563 Distinctionibus
2370 3511 2643 3577 excerpta,
2680 3507 2933 3561 Decreto-

268 3606 404 3643 rum
442 3588 606 3643 Parte
643 3589 833 3658 prima,
873 3591 938 3644 de
976 3589 1294 3644 clericorum
1331 3590 1571 3644 moribus
1609 3594 1666 3645 et
1703 3589 1968 3657 singulari
2007 3589 2137 3643 vita.
2214 3587 2387 3641 Paris.
2431 3588 2584 3641 1559.

464 3670 485 3705 ³
521 3670 754 3738 Richter,
791 3669 871 3723 De
910 3670 1344 3724 emendatoribus
1382 3670 1644 3733 Gratiani,
1683 3687 1735 3740 p.
1774 3670 1860 3724 28.
1900 3686 1981 3738 sq.

463 3749 488 3784 4
525 3750 753 3817 Schulte,
790 3749 891 3803 Die
929 3749 1256 3805 Geschichte
1296 3751 1390 3804 der
1428 3750 1670 3815 Quellen‚
1709 3754 1838 3804 tom.
1877 3749 1971 3802 III.
2010 3752 2149 3818 part.
2193 3749 2239 3801 1.
2278 3766 2329 3817 p.
2369 3748 2490 3801 555.
2530 3765 2610 3816 sq.

465 3832 485 3865 ⁵
521 3828 671 3894 Quae
707 3829 964 3900 paratitla
1000 3848 1071 3884 ex
1106 3830 1210 3884 hac
1245 3830 1302 3884 in
1339 3848 1526 3884 omnes
1563 3832 1854 3898 sequentes
1905 3828 2169 3883 editiones
2205 3827 2425 3882 Decreti
2469 3831 2751 3898 assumpta
2787 3832 2933 3882 sunt.

275 3910 396 3965 cfr.
438 3911 677 3980 Schulte,
731 3909 832 3963 Die
871 3910 1064 3965 Glosse
1114 3928 1236 3964 zum
1273 3909 1472 3964 Decret
1509 3910 1769 3964 Gratians
1817 3909 1851 3963 1.
1894 3926 1937 3962 c.
1977 3925 2028 3978 p.
2069 3908 2183 3972 93.;
2242 3909 2387 3961 Idem
2402 3949 2417 3976 ‚
2468 3907 2569 3961 Die
2608 3907 2934 3962 Geschichte

274 3991 383 4044 der
418 3988 662 4054 Quellen,
698 3993 828 4044 tom.
865 3990 907 4044 Ι.
945 4008 996 4060 p.
1037 3991 1120 4044 71.
1418 3999 1425 4006 ‘

464 4071 485 4106 ⁶
522 4069 584 4122 Id
622 4069 897 4137 colligitur
933 4088 1002 4123 ex
1040 4070 1158 4140 ejus
1184 4069 1430 4140 epistola,
1469 4071 1538 4123 ad
1562 4070 1771 4139 Papam
1797 4068 2119 4136 Gregorium
2144 4068 2290 4122 XIII.
2331 4068 2473 4132 data,
2511 4068 2655 4138 apud
2689 4069 2934 4135 Theiner,

272 4148 704 4218 Disquisitiones
741 4150 980 4213 criticae,
1018 4150 1101 4204 611.
1139 4150 1292 4204 Rom.
1335 4150 1490 4214 1836,
1527 4150 1773 4220 Append.
1812 4149 1853 4202 Ι.
1893 4167 1944 4219 p.
1984 4149 2071 4202 23.

467 4232 488 4266 '¹
525 4231 743 4283 Richter
793 4230 829 4283 l.
882 4248 928 4284 c.
979 4248 1031 4300 p.
1075 4231 1156 4284 19.
1195 4247 1352 4300 sqq.;
1411 4232 1624 4284 Schulte
1641 4271 1657 4298 ,
1713 4228 1814 4283 Die
1863 4229 2057 4283 Glosse
2103 4246 2225 4282 zum
2271 4228 2470 4282 Decret
2508 4227 2764 4282 Gratians
2813 4227 2849 4280 l.
2889 4244 2934 4280 c.

276 4330 335 4382 p.
375 4310 493 4375 93.;
533 4312 695 4379 Idem,
733 4309 835 4363 Die
874 4309 1201 4365 Geschichte
1240 4311 1336 4363 der
1372 4309 1615 4375 Quellen‚
1652 4313 1783 4363 tom.
1822 4309 1863 4363 I.
1903 4327 1953 4379 p.
1995 4310 2079 4362 71.

465 4391 488 4428 ⁸
524 4390 627 4456 Qui
665 4408 830 4459 quum
865 4390 1080 4445 haeresi
1117 4390 1468 4444 Calvinianae
1504 4408 1700 4443 nomen
1737 4389 1976 4443 dedisset
2012 4392 2069 4442 et
2113 4388 2294 4442 odium
2330 4406 2490 4442 suum
2540 4387 2596 4440 in
2632 4386 2935 4441 Ecclesiam

277 4469 610 4525 catholicam
648 4473 704 4523 et
740 4469 932 4524 Sedem
966 4470 1338 4540 Apostolicam
1390 4470 1551 4524 dictis
1588 4473 1645 4524 et
1681 4469 1903 4540 scriptis
1948 4468 2414 4524 manifestavisset
2428 4509 2441 4532 ‚
2492 4485 2541 4521 a.
2585 4467 2721 4521 1553
2759 4466 2935 4520 solum

276 4554 502 4606 vertere
540 4553 776 4615 coactus,
814 4550 1120 4618 Tubingam
1156 4552 1433 4621 profectus
1471 4553 1571 4614 est,
1609 4550 1703 4603 ubi
1726 4567 1925 4604 munus
1948 4549 2270 4620 professoris
2301 4548 2441 4619 juris
2466 4547 2722 4617 suscepit.
2778 4547 2936 4600 Anno

278 4635 470 4686 autem
499 4632 634 4684 1557
671 4630 728 4684 in
763 4630 998 4701 patriam
1033 4629 1209 4696 rediit,
1244 4630 1339 4684 ubi
1377 4648 1424 4684 a.
1455 4631 1609 4694 1568,
1647 4633 1937 4700 postquam
1972 4629 2030 4682 in
2066 4647 2259 4683 manus
2292 4628 2513 4698 parochi
2549 4627 2636 4682 sui
2671 4626 2934 4681 adstanti-

277 4713 388 4765 bus
424 4711 633 4765 duobus
667 4710 901 4765 testibus
936 4710 1187 4765 haeresin
1225 4710 1600 4765 Calvinianam
1637 4710 1949 4781 ejuraverat
1984 4713 2039 4764 et
2088 4709 2250 4763 fidem
2299 4708 2620 4763 catholicam
2658 4709 2937 4779 professus

280 4793 483 4856 fuerat,
522 4790 671 4845 obiit.
748 4789 856 4844 cfr.
895 4793 1100 4858 Doujat
1135 4790 1170 4845 l.
1211 4809 1256 4845 c.
1295 4790 1388 4845 lib.
1428 4791 1494 4844 V.
1534 4808 1649 4860 cap.
1691 4791 1741 4844 8.
1781 4791 1862 4844 611.
1902 4789 1993 4844 cit.
2032 4807 2083 4859 p.
2120 4790 2243 4843 455.
2282 4806 2363 4857 sq.
