<?xml version="1.0" encoding="UTF-8"?>
<!DOCTYPE html PUBLIC "-//W3C//DTD XHTML 1.0 Transitional//EN"
    "http://www.w3.org/TR/xhtml1/DTD/xhtml1-transitional.dtd">
<html xmlns="http://www.w3.org/1999/xhtml" xml:lang="en" lang="en">
 <head>
  <title>
</title>
<meta http-equiv="Content-Type" content="text/html;charset=utf-8" />
  <meta name='ocr-system' content='tesseract 3.04.00' />
  <meta name='ocr-capabilities' content='ocr_page ocr_carea ocr_par ocr_line ocrx_word'/>
</head>
<body>
  <div class='ocr_page' id='page_1' title='image "./introductioinco00laurgoog_0189.png"; bbox 0 0 3355 5328; ppageno 0'>
   <div class='ocr_carea' id='block_1_1' title="bbox 1475 339 3052 406">
    <p class='ocr_par' dir='ltr' id='par_1_1' title="bbox 1475 339 3052 406">
     <span class='ocr_line' id='line_1_1' title="bbox 1475 339 3052 406; baseline -0.001 -12"><span class='ocrx_word' id='word_1_1' title='bbox 1475 339 1654 394; x_wconf 83' lang='lat' dir='ltr'>Sectio</span> <span class='ocrx_word' id='word_1_2' title='bbox 1692 340 1761 394; x_wconf 95' lang='lat' dir='ltr'>II.</span> <span class='ocrx_word' id='word_1_3' title='bbox 1812 339 1845 406; x_wconf 64' lang='grc' dir='ltr'>ἓ</span> <span class='ocrx_word' id='word_1_4' title='bbox 1883 339 1967 393; x_wconf 82' lang='grc'><strong>93.</strong></span> <span class='ocrx_word' id='word_1_5' title='bbox 2949 339 3052 394; x_wconf 82' lang='grc'>159</span> 
     </span>
    </p>
   </div>
   <div class='ocr_carea' id='block_1_2' title="bbox 387 498 3056 1564">
    <p class='ocr_par' dir='ltr' id='par_1_2' title="bbox 387 498 3056 1564">
     <span class='ocr_line' id='line_1_2' title="bbox 390 498 3053 584; baseline 0.001 -22"><span class='ocrx_word' id='word_1_6' title='bbox 390 520 452 564; x_wconf 81' lang='lat' dir='ltr'>V.</span> <span class='ocrx_word' id='word_1_7' title='bbox 502 518 564 579; x_wconf 92' lang='grc'><strong>3.</strong></span> <span class='ocrx_word' id='word_1_8' title='bbox 614 498 976 580; x_wconf 87' lang='lat' dir='ltr'>Regestum</span> <span class='ocrx_word' id='word_1_9' title='bbox 1022 501 1411 567; x_wconf 90' lang='lat' dir='ltr'>Pontificum</span> <span class='ocrx_word' id='word_1_10' title='bbox 1457 500 1902 565; x_wconf 88' lang='lat' dir='ltr'>Romanorum</span> <span class='ocrx_word' id='word_1_11' title='bbox 1925 549 1940 578; x_wconf 92' lang='lat'>,</span> <span class='ocrx_word' id='word_1_12' title='bbox 2007 502 2319 564; x_wconf 87' lang='lat' dir='ltr'>exararet</span> <span class='ocrx_word' id='word_1_13' title='bbox 2338 549 2352 578; x_wconf 91' lang='lat'>‚</span> <span class='ocrx_word' id='word_1_14' title='bbox 2418 500 2487 565; x_wconf 90' lang='lat' dir='ltr'>in</span> <span class='ocrx_word' id='word_1_15' title='bbox 2551 522 2678 584; x_wconf 92' lang='lat' dir='ltr'>quo</span> <span class='ocrx_word' id='word_1_16' title='bbox 2744 504 3053 566; x_wconf 89' lang='lat' dir='ltr'>accurate</span> 
     </span>
     <span class='ocr_line' id='line_1_3' title="bbox 390 597 3054 682; baseline 0 -20"><span class='ocrx_word' id='word_1_17' title='bbox 390 600 620 662; x_wconf 90' lang='lat' dir='ltr'>auctor</span> <span class='ocrx_word' id='word_1_18' title='bbox 667 600 735 664; x_wconf 91' lang='lat' dir='ltr'>et</span> <span class='ocrx_word' id='word_1_19' title='bbox 763 601 1025 682; x_wconf 92' lang='lat' dir='ltr'>tempus</span> <span class='ocrx_word' id='word_1_20' title='bbox 1058 598 1463 681; x_wconf 88' lang='lat' dir='ltr'>singularum</span> <span class='ocrx_word' id='word_1_21' title='bbox 1496 598 1921 682; x_wconf 89' lang='lat' dir='ltr'>epistolarum</span> <span class='ocrx_word' id='word_1_22' title='bbox 1953 597 2377 664; x_wconf 89' lang='lat' dir='ltr'>decretalium</span> <span class='ocrx_word' id='word_1_23' title='bbox 2412 603 2481 666; x_wconf 90' lang='lat' dir='ltr'>et</span> <span class='ocrx_word' id='word_1_24' title='bbox 2513 598 3054 665; x_wconf 74' lang='lat' dir='ltr'>constitutionum</span> 
     </span>
     <span class='ocr_line' id='line_1_4' title="bbox 387 695 3054 779; baseline 0 -19"><span class='ocrx_word' id='word_1_25' title='bbox 387 695 868 779; x_wconf 86' lang='lat' dir='ltr'>pontificiarum</span> <span class='ocrx_word' id='word_1_26' title='bbox 930 697 1352 763; x_wconf 79' lang='lat' dir='ltr'>exhiberetur</span> <span class='ocrx_word' id='word_1_27' title='bbox 1369 747 1383 775; x_wconf 93' lang='lat'>,</span> <span class='ocrx_word' id='word_1_28' title='bbox 1448 696 1582 774; x_wconf 89' lang='grc'><strong>5611,</strong></span> <span class='ocrx_word' id='word_1_29' title='bbox 1644 700 1720 762; x_wconf 94' lang='lat' dir='ltr'>ut</span> <span class='ocrx_word' id='word_1_30' title='bbox 1767 695 2279 762; x_wconf 88' lang='lat' dir='ltr'>ecclesiasticum</span> <span class='ocrx_word' id='word_1_31' title='bbox 2339 699 2611 764; x_wconf 81' lang='lat' dir='ltr'>codicem</span> <span class='ocrx_word' id='word_1_32' title='bbox 2657 718 2774 763; x_wconf 91' lang='lat' dir='ltr'>seu</span> <span class='ocrx_word' id='word_1_33' title='bbox 2821 697 3054 762; x_wconf 82' lang='lat' dir='ltr'>librum</span> 
     </span>
     <span class='ocr_line' id='line_1_5' title="bbox 389 793 3056 879; baseline 0.001 -22"><span class='ocrx_word' id='word_1_34' title='bbox 389 795 645 879; x_wconf 71' lang='lat' dir='ltr'>leqalem</span> <span class='ocrx_word' id='word_1_35' title='bbox 693 798 1112 879; x_wconf 81' lang='lat' dir='ltr'>componeret</span> <span class='ocrx_word' id='word_1_36' title='bbox 1130 845 1144 873; x_wconf 92' lang='lat'>,</span> <span class='ocrx_word' id='word_1_37' title='bbox 1208 795 1318 877; x_wconf 91' lang='lat' dir='ltr'>qui</span> <span class='ocrx_word' id='word_1_38' title='bbox 1376 793 1755 875; x_wconf 84' lang='lat' dir='ltr'>indigentiis</span> <span class='ocrx_word' id='word_1_39' title='bbox 1816 793 1966 859; x_wconf 88' lang='lat' dir='ltr'>aevi</span> <span class='ocrx_word' id='word_1_40' title='bbox 2023 793 2198 858; x_wconf 91' lang='lat' dir='ltr'>illius</span> <span class='ocrx_word' id='word_1_41' title='bbox 2257 795 2449 878; x_wconf 90' lang='lat' dir='ltr'>plene</span> <span class='ocrx_word' id='word_1_42' title='bbox 2510 794 2927 862; x_wconf 82' lang='lat' dir='ltr'>satisfaceret</span> <span class='ocrx_word' id='word_1_43' title='bbox 2987 797 3056 859; x_wconf 89' lang='lat' dir='ltr'>et</span> 
     </span>
     <span class='ocr_line' id='line_1_6' title="bbox 390 891 3054 977; baseline 0 -22"><span class='ocrx_word' id='word_1_44' title='bbox 390 912 626 957; x_wconf 90' lang='lat' dir='ltr'>nomen</span> <span class='ocrx_word' id='word_1_45' title='bbox 672 891 876 976; x_wconf 89' lang='lat' dir='ltr'>ipsius</span> <span class='ocrx_word' id='word_1_46' title='bbox 910 892 1156 958; x_wconf 87' lang='lat' dir='ltr'>Summi</span> <span class='ocrx_word' id='word_1_47' title='bbox 1187 891 1522 959; x_wconf 90' lang='lat' dir='ltr'>Pontificis</span> <span class='ocrx_word' id='word_1_48' title='bbox 1571 892 1869 977; x_wconf 71' lang='lat' dir='ltr'>Greqorii</span> <span class='ocrx_word' id='word_1_49' title='bbox 1914 892 2037 958; x_wconf 90' lang='lat' dir='ltr'>IX.</span> <span class='ocrx_word' id='word_1_50' title='bbox 2086 897 2369 973; x_wconf 86' lang='lat' dir='ltr'>gereret.</span> <span class='ocrx_word' id='word_1_51' title='bbox 2440 892 2517 958; x_wconf 91' lang='lat' dir='ltr'>In</span> <span class='ocrx_word' id='word_1_52' title='bbox 2564 892 2785 958; x_wconf 89' lang='lat' dir='ltr'>codice</span> <span class='ocrx_word' id='word_1_53' title='bbox 2829 891 3054 975; x_wconf 83' lang='lat' dir='ltr'>hujus-</span> 
     </span>
     <span class='ocr_line' id='line_1_7' title="bbox 389 986 3055 1075; baseline 0 -22"><span class='ocrx_word' id='word_1_54' title='bbox 389 989 565 1054; x_wconf 88' lang='lat' dir='ltr'>modi</span> <span class='ocrx_word' id='word_1_55' title='bbox 611 993 833 1055; x_wconf 91' lang='lat' dir='ltr'>autem</span> <span class='ocrx_word' id='word_1_56' title='bbox 878 989 1038 1055; x_wconf 92' lang='grc'><strong>1111111</strong></span> <span class='ocrx_word' id='word_1_57' title='bbox 1084 990 1382 1069; x_wconf 88' lang='lat' dir='ltr'>interest,</span> <span class='ocrx_word' id='word_1_58' title='bbox 1432 1011 1473 1054; x_wconf 91' lang='lat' dir='ltr'>a</span> <span class='ocrx_word' id='word_1_59' title='bbox 1519 1011 1637 1075; x_wconf 80' lang='lat' dir='ltr'>quo</span> <span class='ocrx_word' id='word_1_60' title='bbox 1683 986 1978 1074; x_wconf 86' lang='lat' dir='ltr'>praecise</span> <span class='ocrx_word' id='word_1_61' title='bbox 2027 990 2375 1059; x_wconf 88' lang='lat' dir='ltr'>decretalis</span> <span class='ocrx_word' id='word_1_62' title='bbox 2422 991 2703 1075; x_wconf 89' lang='lat' dir='ltr'>epistola</span> <span class='ocrx_word' id='word_1_63' title='bbox 2746 990 2854 1055; x_wconf 91' lang='lat' dir='ltr'>vel</span> <span class='ocrx_word' id='word_1_64' title='bbox 2902 1011 3055 1055; x_wconf 90' lang='lat' dir='ltr'>con-</span> 
     </span>
     <span class='ocr_line' id='line_1_8' title="bbox 390 1085 3053 1173; baseline 0.001 -23"><span class='ocrx_word' id='word_1_65' title='bbox 390 1085 668 1167; x_wconf 89' lang='lat' dir='ltr'>stituti0,</span> <span class='ocrx_word' id='word_1_66' title='bbox 719 1109 755 1153; x_wconf 99' lang='lat' dir='ltr'>e</span> <span class='ocrx_word' id='word_1_67' title='bbox 802 1110 930 1171; x_wconf 93' lang='lat' dir='ltr'>qua</span> <span class='ocrx_word' id='word_1_68' title='bbox 971 1087 1189 1173; x_wconf 90' lang='lat' dir='ltr'>capita</span> <span class='ocrx_word' id='word_1_69' title='bbox 1236 1088 1440 1173; x_wconf 91' lang='lat' dir='ltr'>ipsius</span> <span class='ocrx_word' id='word_1_70' title='bbox 1473 1088 1795 1154; x_wconf 90' lang='lat' dir='ltr'>adornata</span> <span class='ocrx_word' id='word_1_71' title='bbox 1828 1091 1999 1167; x_wconf 91' lang='lat' dir='ltr'>sunt,</span> <span class='ocrx_word' id='word_1_72' title='bbox 2050 1087 2496 1170; x_wconf 88' lang='lat' dir='ltr'>originetenus</span> <span class='ocrx_word' id='word_1_73' title='bbox 2526 1087 2925 1173; x_wconf 89' lang='lat' dir='ltr'>provenerit,</span> <span class='ocrx_word' id='word_1_74' title='bbox 2976 1108 3053 1152; x_wconf 93' lang='lat' dir='ltr'>eo</span> 
     </span>
     <span class='ocr_line' id='line_1_9' title="bbox 388 1183 3054 1270; baseline 0 -21"><span class='ocrx_word' id='word_1_75' title='bbox 388 1184 560 1266; x_wconf 91' lang='lat' dir='ltr'>quod</span> <span class='ocrx_word' id='word_1_76' title='bbox 605 1185 1046 1270; x_wconf 89' lang='lat' dir='ltr'>respectivum</span> <span class='ocrx_word' id='word_1_77' title='bbox 1095 1191 1292 1270; x_wconf 89' lang='lat' dir='ltr'>caput</span> <span class='ocrx_word' id='word_1_78' title='bbox 1336 1185 1529 1270; x_wconf 86' lang='lat' dir='ltr'>hujus</span> <span class='ocrx_word' id='word_1_79' title='bbox 1577 1185 1816 1251; x_wconf 87' lang='lat' dir='ltr'>codicis</span> <span class='ocrx_word' id='word_1_80' title='bbox 1853 1207 1984 1251; x_wconf 90' lang='lat' dir='ltr'>non</span> <span class='ocrx_word' id='word_1_81' title='bbox 2031 1186 2112 1250; x_wconf 90' lang='lat' dir='ltr'>ab</span> <span class='ocrx_word' id='word_1_82' title='bbox 2162 1186 2515 1268; x_wconf 88' lang='lat' dir='ltr'>originario</span> <span class='ocrx_word' id='word_1_83' title='bbox 2563 1190 2833 1252; x_wconf 87' lang='lat' dir='ltr'>auctore</span> <span class='ocrx_word' id='word_1_84' title='bbox 2879 1183 3054 1250; x_wconf 92' lang='lat' dir='ltr'>illius</span> 
     </span>
     <span class='ocr_line' id='line_1_10' title="bbox 390 1281 3051 1368; baseline 0 -22"><span class='ocrx_word' id='word_1_85' title='bbox 390 1281 738 1349; x_wconf 85' lang='lat' dir='ltr'>decretalis</span> <span class='ocrx_word' id='word_1_86' title='bbox 786 1283 1104 1368; x_wconf 88' lang='lat' dir='ltr'>epistolae</span> <span class='ocrx_word' id='word_1_87' title='bbox 1148 1285 1260 1349; x_wconf 89' lang='lat' dir='ltr'>vel</span> <span class='ocrx_word' id='word_1_88' title='bbox 1306 1283 1793 1350; x_wconf 90' lang='lat' dir='ltr'>constitutionis</span> <span class='ocrx_word' id='word_1_89' title='bbox 1824 1283 2216 1367; x_wconf 88' lang='lat' dir='ltr'>pontificiae,</span> <span class='ocrx_word' id='word_1_90' title='bbox 2267 1285 2383 1349; x_wconf 92' lang='lat' dir='ltr'>sed</span> <span class='ocrx_word' id='word_1_91' title='bbox 2430 1285 2512 1350; x_wconf 87' lang='lat' dir='ltr'>ab</span> <span class='ocrx_word' id='word_1_92' title='bbox 2546 1286 2814 1349; x_wconf 91' lang='lat' dir='ltr'>auctore</span> <span class='ocrx_word' id='word_1_93' title='bbox 2859 1282 3051 1366; x_wconf 85' lang='lat' dir='ltr'>hujus</span> 
     </span>
     <span class='ocr_line' id='line_1_11' title="bbox 390 1379 3053 1466; baseline 0.001 -22"><span class='ocrx_word' id='word_1_94' title='bbox 390 1379 646 1459; x_wconf 90' lang='grc'><strong>60111615,</strong></span> <span class='ocrx_word' id='word_1_95' title='bbox 695 1380 1002 1448; x_wconf 87' lang='lat' dir='ltr'>videlicet</span> <span class='ocrx_word' id='word_1_96' title='bbox 1032 1382 1215 1466; x_wconf 90' lang='lat' dir='ltr'>Papa</span> <span class='ocrx_word' id='word_1_97' title='bbox 1250 1381 1567 1463; x_wconf 78' lang='lat' dir='ltr'>Gregorio</span> <span class='ocrx_word' id='word_1_98' title='bbox 1615 1381 1749 1459; x_wconf 68' lang='lat' dir='ltr'>IX„</span> <span class='ocrx_word' id='word_1_99' title='bbox 1801 1381 1911 1465; x_wconf 91' lang='lat' dir='ltr'>qui</span> <span class='ocrx_word' id='word_1_100' title='bbox 1955 1382 2128 1447; x_wconf 90' lang='lat' dir='ltr'>hunc</span> <span class='ocrx_word' id='word_1_101' title='bbox 2175 1380 2463 1447; x_wconf 89' lang='lat' dir='ltr'>codicem</span> <span class='ocrx_word' id='word_1_102' title='bbox 2511 1380 2816 1448; x_wconf 88' lang='lat' dir='ltr'>adornari</span> <span class='ocrx_word' id='word_1_103' title='bbox 2855 1379 3053 1465; x_wconf 87' lang='lat' dir='ltr'>jussit</span> 
     </span>
     <span class='ocr_line' id='line_1_12' title="bbox 389 1476 2582 1564; baseline 0.001 -21"><span class='ocrx_word' id='word_1_104' title='bbox 389 1481 459 1544; x_wconf 86' lang='lat' dir='ltr'>et</span> <span class='ocrx_word' id='word_1_105' title='bbox 507 1479 898 1546; x_wconf 90' lang='lat' dir='ltr'>adornatum</span> <span class='ocrx_word' id='word_1_106' title='bbox 945 1479 1356 1564; x_wconf 81' lang='lat' dir='ltr'>approbavit,</span> <span class='ocrx_word' id='word_1_107' title='bbox 1406 1501 1595 1544; x_wconf 90' lang='lat' dir='ltr'>suum</span> <span class='ocrx_word' id='word_1_108' title='bbox 1639 1480 1935 1544; x_wconf 90' lang='lat' dir='ltr'>valorem</span> <span class='ocrx_word' id='word_1_109' title='bbox 1975 1476 2264 1561; x_wconf 55' lang='lat' dir='ltr'>&#39;legalem</span> <span class='ocrx_word' id='word_1_110' title='bbox 2312 1479 2582 1546; x_wconf 88' lang='lat' dir='ltr'>obtinet.</span> 
     </span>
    </p>
   </div>
   <div class='ocr_carea' id='block_1_3' title="bbox 569 1584 3053 1671">
    <p class='ocr_par' dir='ltr' id='par_1_3' title="bbox 569 1584 3053 1671">
     <span class='ocr_line' id='line_1_13' title="bbox 569 1584 3053 1671; baseline 0 -22"><span class='ocrx_word' id='word_1_111' title='bbox 569 1585 774 1652; x_wconf 91' lang='lat' dir='ltr'>Porro</span> <span class='ocrx_word' id='word_1_112' title='bbox 810 1585 916 1652; x_wconf 91' lang='lat' dir='ltr'>hic</span> <span class='ocrx_word' id='word_1_113' title='bbox 948 1586 1419 1654; x_wconf 91' lang='lat' dir='ltr'>attendendum</span> <span class='ocrx_word' id='word_1_114' title='bbox 1451 1592 1573 1665; x_wconf 91' lang='lat' dir='ltr'>est,</span> <span class='ocrx_word' id='word_1_115' title='bbox 1620 1587 1844 1671; x_wconf 89' lang='lat' dir='ltr'>plures</span> <span class='ocrx_word' id='word_1_116' title='bbox 1890 1587 2150 1652; x_wconf 90' lang='lat' dir='ltr'>illarum</span> <span class='ocrx_word' id='word_1_117' title='bbox 2180 1586 2675 1671; x_wconf 90' lang='lat' dir='ltr'>inscriptionum</span> <span class='ocrx_word' id='word_1_118' title='bbox 2703 1584 3053 1651; x_wconf 88' lang='lat' dir='ltr'>manifeste</span> 
     </span>
    </p>
   </div>
   <div class='ocr_carea' id='block_1_4' title="bbox 390 1681 3055 1849">
    <p class='ocr_par' dir='ltr' id='par_1_4' title="bbox 390 1681 3055 1849">
     <span class='ocr_line' id='line_1_14' title="bbox 390 1681 3055 1845; baseline 0.001 -99"><span class='ocrx_word' id='word_1_119' title='bbox 390 1682 632 1845; x_wconf 69' lang='lat' dir='ltr'>falsla5s8</span> <span class='ocrx_word' id='word_1_120' title='bbox 661 1688 776 1818; x_wconf 61' lang='lat' dir='ltr'>aut</span> <span class='ocrx_word' id='word_1_121' title='bbox 847 1688 1189 1768; x_wconf 89' lang='lat' dir='ltr'>corruptas</span> <span class='ocrx_word' id='word_1_122' title='bbox 1260 1706 1405 1750; x_wconf 90' lang='lat' dir='ltr'>esse</span> <span class='ocrx_word' id='word_1_123' title='bbox 1430 1681 1472 1763; x_wconf 89' lang='lat'>¹,</span> <span class='ocrx_word' id='word_1_124' title='bbox 1545 1689 1612 1751; x_wconf 92' lang='lat' dir='ltr'>et</span> <span class='ocrx_word' id='word_1_125' title='bbox 1679 1684 1938 1767; x_wconf 93' lang='lat' dir='ltr'>quidem</span> <span class='ocrx_word' id='word_1_126' title='bbox 2003 1685 2203 1751; x_wconf 91' lang='lat' dir='ltr'>etiam</span> <span class='ocrx_word' id='word_1_127' title='bbox 2271 1685 2339 1749; x_wconf 91' lang='lat' dir='ltr'>in</span> <span class='ocrx_word' id='word_1_128' title='bbox 2409 1684 2692 1751; x_wconf 88' lang='lat' dir='ltr'>editione</span> <span class='ocrx_word' id='word_1_129' title='bbox 2755 1684 3055 1749; x_wconf 87' lang='lat' dir='ltr'>Romana</span> 
     </span>
     <span class='ocr_line' id='line_1_15' title="bbox 391 1784 750 1849; baseline 0.006 -3"><span class='ocrx_word' id='word_1_130' title='bbox 391 1802 451 1847; x_wconf 89' lang='lat' dir='ltr'>a.</span> <span class='ocrx_word' id='word_1_131' title='bbox 639 1784 677 1846; x_wconf 85' lang='lat'><strong>2</strong></span> <span class='ocrx_word' id='word_1_132' title='bbox 737 1836 750 1849; x_wconf 92' lang='lat'>.</span> 
     </span>
    </p>
   </div>
   <div class='ocr_carea' id='block_1_5' title="bbox 391 1888 3080 2855">
    <p class='ocr_par' dir='ltr' id='par_1_5' title="bbox 391 1888 3080 2855">
     <span class='ocr_line' id='line_1_16' title="bbox 571 1888 3080 1974; baseline 0 -22"><span class='ocrx_word' id='word_1_133' title='bbox 571 1889 908 1956; x_wconf 90' lang='lat' dir='ltr'>Interdum</span> <span class='ocrx_word' id='word_1_134' title='bbox 952 1894 1177 1956; x_wconf 91' lang='lat' dir='ltr'>tamen</span> <span class='ocrx_word' id='word_1_135' title='bbox 1223 1889 1681 1974; x_wconf 89' lang='lat' dir='ltr'>inscriptiones</span> <span class='ocrx_word' id='word_1_136' title='bbox 1725 1889 1898 1968; x_wconf 89' lang='lat' dir='ltr'>illae,</span> <span class='ocrx_word' id='word_1_137' title='bbox 1952 1912 2149 1973; x_wconf 90' lang='lat' dir='ltr'>quum</span> <span class='ocrx_word' id='word_1_138' title='bbox 2193 1910 2307 1955; x_wconf 91' lang='lat' dir='ltr'>eas</span> <span class='ocrx_word' id='word_1_139' title='bbox 2349 1888 2668 1971; x_wconf 92' lang='lat' dir='ltr'>genuinas</span> <span class='ocrx_word' id='word_1_140' title='bbox 2712 1909 2856 1954; x_wconf 93' lang='lat' dir='ltr'>esse</span> <span class='ocrx_word' id='word_1_141' title='bbox 2899 1890 3080 1953; x_wconf 77' lang='lat' dir='ltr'>con-‘</span> 
     </span>
     <span class='ocr_line' id='line_1_17' title="bbox 391 1986 3053 2071; baseline 0 -21"><span class='ocrx_word' id='word_1_142' title='bbox 391 1990 549 2064; x_wconf 88' lang='lat' dir='ltr'>stat,</span> <span class='ocrx_word' id='word_1_143' title='bbox 581 1992 983 2054; x_wconf 90' lang='lat' dir='ltr'>momentum</span> <span class='ocrx_word' id='word_1_144' title='bbox 1017 1988 1429 2071; x_wconf 84' lang='lat' dir='ltr'>exegeticum</span> <span class='ocrx_word' id='word_1_145' title='bbox 1461 1988 1728 2066; x_wconf 90' lang='lat' dir='ltr'>habent,</span> <span class='ocrx_word' id='word_1_146' title='bbox 1768 1987 2072 2053; x_wconf 89' lang='lat' dir='ltr'>nimirum</span> <span class='ocrx_word' id='word_1_147' title='bbox 2095 2009 2214 2071; x_wconf 88' lang='lat' dir='ltr'>pro</span> <span class='ocrx_word' id='word_1_148' title='bbox 2241 1987 2781 2053; x_wconf 89' lang='lat' dir='ltr'>determinatione</span> <span class='ocrx_word' id='word_1_149' title='bbox 2806 1986 3053 2068; x_wconf 88' lang='lat' dir='ltr'>signifi-</span> 
     </span>
     <span class='ocr_line' id='line_1_18' title="bbox 393 2083 3054 2170; baseline -0.001 -20"><span class='ocrx_word' id='word_1_150' title='bbox 393 2083 670 2150; x_wconf 89' lang='lat' dir='ltr'>cationis</span> <span class='ocrx_word' id='word_1_151' title='bbox 700 2107 955 2164; x_wconf 88' lang='lat' dir='ltr'>vocum,</span> <span class='ocrx_word' id='word_1_152' title='bbox 990 2108 1158 2169; x_wconf 90' lang='lat' dir='ltr'>quae</span> <span class='ocrx_word' id='word_1_153' title='bbox 1189 2086 1257 2150; x_wconf 91' lang='lat' dir='ltr'>in</span> <span class='ocrx_word' id='word_1_154' title='bbox 1288 2085 1402 2150; x_wconf 91' lang='lat' dir='ltr'>illa</span> <span class='ocrx_word' id='word_1_155' title='bbox 1435 2084 1738 2167; x_wconf 91' lang='lat' dir='ltr'>originali</span> <span class='ocrx_word' id='word_1_156' title='bbox 1770 2085 2049 2170; x_wconf 90' lang='lat' dir='ltr'>epistola</span> <span class='ocrx_word' id='word_1_157' title='bbox 2074 2085 2386 2151; x_wconf 88' lang='lat' dir='ltr'>decretali</span> <span class='ocrx_word' id='word_1_158' title='bbox 2417 2085 2484 2149; x_wconf 90' lang='lat' dir='ltr'>in</span> <span class='ocrx_word' id='word_1_159' title='bbox 2514 2083 2827 2169; x_wconf 89' lang='lat' dir='ltr'>peculiari</span> <span class='ocrx_word' id='word_1_160' title='bbox 2851 2083 3054 2165; x_wconf 89' lang='lat' dir='ltr'>signi-</span> 
     </span>
     <span class='ocr_line' id='line_1_19' title="bbox 391 2181 3053 2266; baseline -0 -20"><span class='ocrx_word' id='word_1_161' title='bbox 391 2182 696 2249; x_wconf 89' lang='lat' dir='ltr'>ficatione</span> <span class='ocrx_word' id='word_1_162' title='bbox 719 2183 894 2249; x_wconf 90' lang='lat' dir='ltr'>illius</span> <span class='ocrx_word' id='word_1_163' title='bbox 918 2184 1204 2266; x_wconf 85' lang='lat' dir='ltr'>regionis</span> <span class='ocrx_word' id='word_1_164' title='bbox 1230 2188 1346 2250; x_wconf 93' lang='lat' dir='ltr'>aut</span> <span class='ocrx_word' id='word_1_165' title='bbox 1370 2183 1760 2262; x_wconf 87' lang='grc'><strong>11106665605,</strong></span> <span class='ocrx_word' id='word_1_166' title='bbox 1789 2205 2097 2266; x_wconf 89' lang='lat' dir='ltr'>quorsum</span> <span class='ocrx_word' id='word_1_167' title='bbox 2120 2185 2285 2249; x_wconf 89' lang='lat' dir='ltr'>haec</span> <span class='ocrx_word' id='word_1_168' title='bbox 2307 2183 2508 2249; x_wconf 91' lang='lat' dir='ltr'>missa</span> <span class='ocrx_word' id='word_1_169' title='bbox 2529 2187 2693 2261; x_wconf 92' lang='lat' dir='ltr'>erat,</span> <span class='ocrx_word' id='word_1_170' title='bbox 2720 2181 3053 2248; x_wconf 84' lang='lat' dir='ltr'>adhibitae</span> 
     </span>
     <span class='ocr_line' id='line_1_20' title="bbox 393 2279 3053 2368; baseline -0.001 -22"><span class='ocrx_word' id='word_1_171' title='bbox 393 2285 567 2359; x_wconf 89' lang='lat' dir='ltr'>sunt,</span> <span class='ocrx_word' id='word_1_172' title='bbox 603 2285 671 2347; x_wconf 93' lang='lat' dir='ltr'>et</span> <span class='ocrx_word' id='word_1_173' title='bbox 703 2303 866 2364; x_wconf 90' lang='lat' dir='ltr'>quas</span> <span class='ocrx_word' id='word_1_174' title='bbox 896 2282 1079 2367; x_wconf 88' lang='lat' dir='ltr'>Papa</span> <span class='ocrx_word' id='word_1_175' title='bbox 1113 2284 1460 2368; x_wconf 72' lang='lat' dir='ltr'>Greqorius</span> <span class='ocrx_word' id='word_1_176' title='bbox 1493 2282 1615 2348; x_wconf 88' lang='lat' dir='ltr'>IX.</span> <span class='ocrx_word' id='word_1_177' title='bbox 1664 2281 1733 2345; x_wconf 94' lang='lat' dir='ltr'>in</span> <span class='ocrx_word' id='word_1_178' title='bbox 1763 2283 1887 2347; x_wconf 93' lang='grc'><strong>1106</strong></span> <span class='ocrx_word' id='word_1_179' title='bbox 1925 2281 2140 2366; x_wconf 89' lang='lat' dir='ltr'>capite</span> <span class='ocrx_word' id='word_1_180' title='bbox 2174 2282 2403 2347; x_wconf 91' lang='lat' dir='ltr'>eadem</span> <span class='ocrx_word' id='word_1_181' title='bbox 2434 2279 2910 2364; x_wconf 90' lang='lat' dir='ltr'>significatione</span> <span class='ocrx_word' id='word_1_182' title='bbox 2943 2301 3053 2345; x_wconf 90' lang='grc'>66-</span> 
     </span>
     <span class='ocr_line' id='line_1_21' title="bbox 395 2377 3051 2464; baseline -0 -19"><span class='ocrx_word' id='word_1_183' title='bbox 395 2378 587 2463; x_wconf 90' lang='lat' dir='ltr'>cepit.</span> <span class='ocrx_word' id='word_1_184' title='bbox 655 2378 795 2455; x_wconf 81' lang='lat' dir='ltr'>Qua</span> <span class='ocrx_word' id='word_1_185' title='bbox 840 2380 1097 2447; x_wconf 90' lang='lat' dir='ltr'>ratione</span> <span class='ocrx_word' id='word_1_186' title='bbox 1128 2403 1191 2446; x_wconf 81' lang='lat' dir='ltr'>V.</span> <span class='ocrx_word' id='word_1_187' title='bbox 1226 2401 1289 2463; x_wconf 91' lang='lat' dir='ltr'>g.</span> <span class='ocrx_word' id='word_1_188' title='bbox 1325 2379 1662 2464; x_wconf 90' lang='lat' dir='ltr'>inscriptio</span> <span class='ocrx_word' id='word_1_189' title='bbox 1713 2379 1945 2464; x_wconf 90' lang='lat' dir='ltr'>capitis</span> <span class='ocrx_word' id='word_1_190' title='bbox 1980 2381 2083 2446; x_wconf 84' lang='lat'>27.</span> <span class='ocrx_word' id='word_1_191' title='bbox 2132 2381 2211 2446; x_wconf 89' lang='grc' dir='ltr'>Χ.</span> <span class='ocrx_word' id='word_1_192' title='bbox 2261 2380 2341 2445; x_wconf 91' lang='grc'>116</span> <span class='ocrx_word' id='word_1_193' title='bbox 2388 2400 2605 2464; x_wconf 74' lang='grc'><strong>5110115.</strong></span> <span class='ocrx_word' id='word_1_194' title='bbox 2655 2383 2723 2445; x_wconf 92' lang='lat' dir='ltr'>et</span> <span class='ocrx_word' id='word_1_195' title='bbox 2764 2377 3051 2444; x_wconf 89' lang='lat' dir='ltr'>matrim.</span> 
     </span>
     <span class='ocr_line' id='line_1_22' title="bbox 396 2474 3054 2563; baseline -0.001 -21"><span class='ocrx_word' id='word_1_196' title='bbox 396 2475 510 2543; x_wconf 93' lang='lat' dir='ltr'>IV.</span> <span class='ocrx_word' id='word_1_197' title='bbox 566 2480 658 2543; x_wconf 83' lang='lat'>1.:</span> <span class='ocrx_word' id='word_1_198' title='bbox 730 2478 944 2556; x_wconf 87' lang='lat' dir='ltr'>„Idem</span> <span class='ocrx_word' id='word_1_199' title='bbox 991 2478 1437 2563; x_wconf 88' lang='lat' dir='ltr'>(Innocentius</span> <span class='ocrx_word' id='word_1_200' title='bbox 1482 2477 1628 2560; x_wconf 91' lang='lat' dir='ltr'>III.)</span> <span class='ocrx_word' id='word_1_201' title='bbox 1684 2477 2008 2562; x_wconf 85' lang='lat' dir='ltr'>Episcopo</span> <span class='ocrx_word' id='word_1_202' title='bbox 2055 2477 2445 2543; x_wconf 89' lang='lat' dir='ltr'>Belvacensi</span> <span class='ocrx_word' id='word_1_203' title='bbox 2504 2474 2573 2558; x_wconf 92' lang='lat' dir='ltr'>(i.</span> <span class='ocrx_word' id='word_1_204' title='bbox 2621 2497 2678 2543; x_wconf 91' lang='lat' dir='ltr'>e.</span> <span class='ocrx_word' id='word_1_205' title='bbox 2726 2474 3054 2541; x_wconf 88' lang='lat' dir='ltr'>Beauvais</span> 
     </span>
     <span class='ocr_line' id='line_1_23' title="bbox 395 2572 3055 2659; baseline -0 -20"><span class='ocrx_word' id='word_1_206' title='bbox 395 2573 464 2638; x_wconf 92' lang='lat' dir='ltr'>in</span> <span class='ocrx_word' id='word_1_207' title='bbox 531 2575 804 2659; x_wconf 78' lang='lat' dir='ltr'>Gallia)“</span> <span class='ocrx_word' id='word_1_208' title='bbox 819 2627 834 2655; x_wconf 92' lang='lat'>,</span> <span class='ocrx_word' id='word_1_209' title='bbox 900 2577 1111 2642; x_wconf 91' lang='lat' dir='ltr'>lucem</span> <span class='ocrx_word' id='word_1_210' title='bbox 1176 2577 1370 2643; x_wconf 88' lang='lat' dir='ltr'>affert</span> <span class='ocrx_word' id='word_1_211' title='bbox 1435 2576 1518 2642; x_wconf 88' lang='lat' dir='ltr'>ad</span> <span class='ocrx_word' id='word_1_212' title='bbox 1582 2575 2041 2647; x_wconf 89' lang='lat' dir='ltr'>inveniendam</span> <span class='ocrx_word' id='word_1_213' title='bbox 2111 2574 2651 2659; x_wconf 90' lang='lat' dir='ltr'>significationem</span> <span class='ocrx_word' id='word_1_214' title='bbox 2722 2572 3055 2640; x_wconf 91' lang='lat' dir='ltr'>dictionis:</span> 
     </span>
     <span class='ocr_line' id='line_1_24' title="bbox 408 2672 3056 2758; baseline 0 -21"><span class='ocrx_word' id='word_1_215' title='bbox 408 2673 659 2750; x_wconf 88' lang='lat' dir='ltr'>„banna</span> <span class='ocrx_word' id='word_1_216' title='bbox 721 2675 1044 2741; x_wconf 88' lang='lat' dir='ltr'>matrinii“</span> <span class='ocrx_word' id='word_1_217' title='bbox 1061 2726 1075 2754; x_wconf 92' lang='lat'>,</span> <span class='ocrx_word' id='word_1_218' title='bbox 1144 2696 1311 2758; x_wconf 92' lang='lat' dir='ltr'>quae</span> <span class='ocrx_word' id='word_1_219' title='bbox 1334 2725 1348 2753; x_wconf 92' lang='lat'>,</span> <span class='ocrx_word' id='word_1_220' title='bbox 1414 2674 1483 2739; x_wconf 91' lang='lat' dir='ltr'>in</span> <span class='ocrx_word' id='word_1_221' title='bbox 1544 2674 1659 2739; x_wconf 87' lang='lat' dir='ltr'>illa</span> <span class='ocrx_word' id='word_1_222' title='bbox 1722 2674 1988 2756; x_wconf 90' lang='lat' dir='ltr'>regione</span> <span class='ocrx_word' id='word_1_223' title='bbox 2037 2675 2288 2741; x_wconf 81' lang='lat' dir='ltr'>Galliae</span> <span class='ocrx_word' id='word_1_224' title='bbox 2347 2674 2597 2740; x_wconf 91' lang='lat' dir='ltr'>usitata</span> <span class='ocrx_word' id='word_1_225' title='bbox 2619 2724 2634 2752; x_wconf 90' lang='lat'>,</span> <span class='ocrx_word' id='word_1_226' title='bbox 2699 2672 2767 2737; x_wconf 92' lang='lat' dir='ltr'>in</span> <span class='ocrx_word' id='word_1_227' title='bbox 2828 2673 3056 2738; x_wconf 91' lang='lat' dir='ltr'>eodem</span> 
     </span>
     <span class='ocr_line' id='line_1_25' title="bbox 397 2770 1022 2855; baseline 0.006 -20"><span class='ocrx_word' id='word_1_228' title='bbox 397 2770 613 2855; x_wconf 87' lang='lat' dir='ltr'>capite</span> <span class='ocrx_word' id='word_1_229' title='bbox 661 2773 946 2839; x_wconf 90' lang='lat' dir='ltr'>occurrit</span> <span class='ocrx_word' id='word_1_230' title='bbox 979 2770 1022 2839; x_wconf 79' lang='lat'>³.</span> 
     </span>
    </p>
   </div>
   <div class='ocr_carea' id='block_1_6' title="bbox 1206 2970 2259 3062">
    <p class='ocr_par' dir='ltr' id='par_1_6' title="bbox 1206 2970 2259 3062">
     <span class='ocr_line' id='line_1_26' title="bbox 1206 2970 2259 3062; baseline 0 -22"><span class='ocrx_word' id='word_1_231' title='bbox 1206 2971 1244 3058; x_wconf 63' lang='grc' dir='ltr'><strong>ξ</strong></span> <span class='ocrx_word' id='word_1_232' title='bbox 1293 2970 1392 3040; x_wconf 84' lang='grc'><strong>93.</strong></span> <span class='ocrx_word' id='word_1_233' title='bbox 1486 2973 1854 3040; x_wconf 86' lang='lat' dir='ltr'>Summaria</span> <span class='ocrx_word' id='word_1_234' title='bbox 1901 2974 2189 3062; x_wconf 85' lang='lat' dir='ltr'>capitum</span> <span class='ocrx_word' id='word_1_235' title='bbox 2211 2975 2259 3040; x_wconf 68' lang='lat'>⁴.</span> 
     </span>
    </p>
   </div>
   <div class='ocr_carea' id='block_1_7' title="bbox 397 3139 3057 3815">
    <p class='ocr_par' dir='ltr' id='par_1_7' title="bbox 397 3139 3057 3815">
     <span class='ocr_line' id='line_1_27' title="bbox 579 3139 3056 3228; baseline 0.001 -25"><span class='ocrx_word' id='word_1_236' title='bbox 579 3139 945 3205; x_wconf 85' lang='lat' dir='ltr'>Summaria</span> <span class='ocrx_word' id='word_1_237' title='bbox 990 3141 1279 3226; x_wconf 88' lang='lat' dir='ltr'>capitum</span> <span class='ocrx_word' id='word_1_238' title='bbox 1310 3144 1607 3208; x_wconf 89' lang='lat' dir='ltr'>valorem</span> <span class='ocrx_word' id='word_1_239' title='bbox 1651 3142 1936 3225; x_wconf 90' lang='lat' dir='ltr'>legalem</span> <span class='ocrx_word' id='word_1_240' title='bbox 1967 3164 2380 3227; x_wconf 88' lang='lat' dir='ltr'>nequaquam</span> <span class='ocrx_word' id='word_1_241' title='bbox 2424 3144 2686 3228; x_wconf 84' lang='lat' dir='ltr'>habere,</span> <span class='ocrx_word' id='word_1_242' title='bbox 2729 3143 2868 3226; x_wconf 88' lang='lat' dir='ltr'>jam</span> <span class='ocrx_word' id='word_1_243' title='bbox 2904 3142 3056 3206; x_wconf 91' lang='lat' dir='ltr'>inde</span> 
     </span>
     <span class='ocr_line' id='line_1_28' title="bbox 398 3236 3054 3326; baseline 0.001 -26"><span class='ocrx_word' id='word_1_244' title='bbox 398 3236 851 3319; x_wconf 85' lang='lat' dir='ltr'>consequitur,</span> <span class='ocrx_word' id='word_1_245' title='bbox 919 3240 1092 3320; x_wconf 92' lang='lat' dir='ltr'>quod</span> <span class='ocrx_word' id='word_1_246' title='bbox 1137 3240 1282 3325; x_wconf 90' lang='lat' dir='ltr'>ipsa</span> <span class='ocrx_word' id='word_1_247' title='bbox 1328 3263 1369 3307; x_wconf 91' lang='grc'><strong>6</strong></span> <span class='ocrx_word' id='word_1_248' title='bbox 1412 3242 1595 3324; x_wconf 88' lang='lat' dir='ltr'>Papa</span> <span class='ocrx_word' id='word_1_249' title='bbox 1644 3241 1962 3322; x_wconf 81' lang='lat' dir='ltr'>Gregorio</span> <span class='ocrx_word' id='word_1_250' title='bbox 2010 3242 2375 3326; x_wconf 88' lang='lat' dir='ltr'>approbata</span> <span class='ocrx_word' id='word_1_251' title='bbox 2428 3263 2559 3306; x_wconf 95' lang='lat' dir='ltr'>non</span> <span class='ocrx_word' id='word_1_252' title='bbox 2606 3244 2791 3319; x_wconf 92' lang='lat' dir='ltr'>sunt,</span> <span class='ocrx_word' id='word_1_253' title='bbox 2856 3240 3054 3304; x_wconf 90' lang='lat' dir='ltr'>immo</span> 
     </span>
     <span class='ocr_line' id='line_1_29' title="bbox 398 3335 3056 3424; baseline 0.001 -25"><span class='ocrx_word' id='word_1_254' title='bbox 398 3355 610 3417; x_wconf 91' lang='lat' dir='ltr'>neque</span> <span class='ocrx_word' id='word_1_255' title='bbox 657 3355 697 3400; x_wconf 88' lang='lat' dir='ltr'>a</span> <span class='ocrx_word' id='word_1_256' title='bbox 737 3335 1128 3419; x_wconf 84' lang='lat' dir='ltr'>Raymundo</span> <span class='ocrx_word' id='word_1_257' title='bbox 1175 3339 1590 3422; x_wconf 88' lang='lat' dir='ltr'>proveniunt,</span> <span class='ocrx_word' id='word_1_258' title='bbox 1639 3339 1757 3404; x_wconf 93' lang='lat' dir='ltr'>sed</span> <span class='ocrx_word' id='word_1_259' title='bbox 1805 3338 2064 3404; x_wconf 91' lang='lat' dir='ltr'>demum</span> <span class='ocrx_word' id='word_1_260' title='bbox 2109 3343 2261 3424; x_wconf 92' lang='lat' dir='ltr'>post</span> <span class='ocrx_word' id='word_1_261' title='bbox 2306 3340 2489 3404; x_wconf 90' lang='lat' dir='ltr'>illum</span> <span class='ocrx_word' id='word_1_262' title='bbox 2535 3360 2841 3403; x_wconf 91' lang='lat' dir='ltr'>successu</span> <span class='ocrx_word' id='word_1_263' title='bbox 2886 3342 3056 3403; x_wconf 91' lang='lat' dir='ltr'>tem-</span> 
     </span>
     <span class='ocr_line' id='line_1_30' title="bbox 397 3432 3056 3520; baseline 0 -22"><span class='ocrx_word' id='word_1_264' title='bbox 397 3432 576 3516; x_wconf 89' lang='lat' dir='ltr'>poris</span> <span class='ocrx_word' id='word_1_265' title='bbox 623 3434 706 3498; x_wconf 90' lang='lat' dir='ltr'>ab</span> <span class='ocrx_word' id='word_1_266' title='bbox 753 3433 1110 3501; x_wconf 85' lang='lat' dir='ltr'>editoribus</span> <span class='ocrx_word' id='word_1_267' title='bbox 1168 3437 1361 3520; x_wconf 88' lang='lat' dir='ltr'>hujus</span> <span class='ocrx_word' id='word_1_268' title='bbox 1423 3436 1825 3503; x_wconf 85' lang='lat' dir='ltr'>collectionis</span> <span class='ocrx_word' id='word_1_269' title='bbox 1872 3458 1908 3501; x_wconf 91' lang='lat' dir='ltr'>e</span> <span class='ocrx_word' id='word_1_270' title='bbox 1954 3437 2223 3504; x_wconf 89' lang='lat' dir='ltr'>lecturis</span> <span class='ocrx_word' id='word_1_271' title='bbox 2270 3457 2386 3502; x_wconf 93' lang='lat' dir='ltr'>seu</span> <span class='ocrx_word' id='word_1_272' title='bbox 2440 3435 2923 3502; x_wconf 90' lang='lat' dir='ltr'>commentariis</span> <span class='ocrx_word' id='word_1_273' title='bbox 2972 3434 3056 3500; x_wconf 91' lang='lat' dir='ltr'>ad</span> 
     </span>
     <span class='ocr_line' id='line_1_31' title="bbox 399 3531 3057 3618; baseline 0.001 -23"><span class='ocrx_word' id='word_1_274' title='bbox 399 3551 547 3596; x_wconf 89' lang='lat' dir='ltr'>eam</span> <span class='ocrx_word' id='word_1_275' title='bbox 593 3531 948 3611; x_wconf 76' lang='lat' dir='ltr'>adornatiS,</span> <span class='ocrx_word' id='word_1_276' title='bbox 996 3555 1059 3600; x_wconf 86' lang='lat' dir='ltr'>V.</span> <span class='ocrx_word' id='word_1_277' title='bbox 1110 3555 1172 3616; x_wconf 89' lang='lat' dir='ltr'>g.</span> <span class='ocrx_word' id='word_1_278' title='bbox 1222 3533 1502 3601; x_wconf 87' lang='lat' dir='ltr'>Abbatis</span> <span class='ocrx_word' id='word_1_279' title='bbox 1549 3534 1820 3618; x_wconf 91' lang='lat' dir='ltr'>antiqui,</span> <span class='ocrx_word' id='word_1_280' title='bbox 1869 3535 1912 3601; x_wconf 85' lang='lat' dir='ltr'>J</span> <span class='ocrx_word' id='word_1_281' title='bbox 1915 3536 2144 3601; x_wconf 90' lang='lat' dir='ltr'>oannis</span> <span class='ocrx_word' id='word_1_282' title='bbox 2176 3534 2499 3614; x_wconf 88' lang='lat' dir='ltr'>Andreae,</span> <span class='ocrx_word' id='word_1_283' title='bbox 2548 3533 2825 3600; x_wconf 88' lang='lat' dir='ltr'>Abbatis</span> <span class='ocrx_word' id='word_1_284' title='bbox 2860 3533 3057 3599; x_wconf 86' lang='lat' dir='ltr'>Siculi</span> 
     </span>
     <span class='ocr_line' id='line_1_32' title="bbox 400 3628 3057 3717; baseline 0.002 -24"><span class='ocrx_word' id='word_1_285' title='bbox 400 3628 905 3713; x_wconf 91' lang='lat' dir='ltr'>(Panormitani)</span> <span class='ocrx_word' id='word_1_286' title='bbox 954 3635 1023 3697; x_wconf 93' lang='lat' dir='ltr'>et</span> <span class='ocrx_word' id='word_1_287' title='bbox 1069 3632 1346 3698; x_wconf 90' lang='lat' dir='ltr'>aliorum</span> <span class='ocrx_word' id='word_1_288' title='bbox 1384 3632 1871 3698; x_wconf 83' lang='lat' dir='ltr'>canonistarum</span> <span class='ocrx_word' id='word_1_289' title='bbox 1915 3633 2156 3700; x_wconf 89' lang='lat' dir='ltr'>hausta</span> <span class='ocrx_word' id='word_1_290' title='bbox 2202 3636 2269 3698; x_wconf 91' lang='lat' dir='ltr'>et</span> <span class='ocrx_word' id='word_1_291' title='bbox 2316 3632 2636 3717; x_wconf 85' lang='lat' dir='ltr'>capitibus</span> <span class='ocrx_word' id='word_1_292' title='bbox 2682 3632 2827 3698; x_wconf 90' lang='lat' dir='ltr'>istis</span> <span class='ocrx_word' id='word_1_293' title='bbox 2862 3653 3057 3716; x_wconf 89' lang='lat' dir='ltr'>prae-</span> 
     </span>
     <span class='ocr_line' id='line_1_33' title="bbox 397 3728 3054 3815; baseline 0.002 -23"><span class='ocrx_word' id='word_1_294' title='bbox 397 3728 536 3793; x_wconf 86' lang='lat' dir='ltr'>fixa</span> <span class='ocrx_word' id='word_1_295' title='bbox 580 3731 752 3794; x_wconf 91' lang='lat' dir='ltr'>sunt.</span> <span class='ocrx_word' id='word_1_296' title='bbox 844 3728 1037 3795; x_wconf 90' lang='lat' dir='ltr'>Unde</span> <span class='ocrx_word' id='word_1_297' title='bbox 1082 3734 1270 3815; x_wconf 90' lang='lat' dir='ltr'>patet</span> <span class='ocrx_word' id='word_1_298' title='bbox 1287 3782 1302 3810; x_wconf 90' lang='lat'>,</span> <span class='ocrx_word' id='word_1_299' title='bbox 1366 3731 1460 3797; x_wconf 91' lang='lat' dir='ltr'>eis</span> <span class='ocrx_word' id='word_1_300' title='bbox 1520 3731 1924 3797; x_wconf 90' lang='lat' dir='ltr'>solummodo</span> <span class='ocrx_word' id='word_1_301' title='bbox 1985 3732 2413 3798; x_wconf 87' lang='lat' dir='ltr'>doctrinalem</span> <span class='ocrx_word' id='word_1_302' title='bbox 2472 3732 2766 3797; x_wconf 86' lang='lat' dir='ltr'>valorem</span> <span class='ocrx_word' id='word_1_303' title='bbox 2819 3730 3054 3810; x_wconf 90' lang='lat' dir='ltr'>inesse,</span> 
     </span>
    </p>
   </div>
   <div class='ocr_carea' id='block_1_8' title="bbox 400 3930 3057 4888">
    <p class='ocr_par' dir='ltr' id='par_1_8' title="bbox 400 3930 3057 4487">
     <span class='ocr_line' id='line_1_34' title="bbox 582 3930 3057 4002; baseline 0 -19"><span class='ocrx_word' id='word_1_304' title='bbox 582 3930 600 3963; x_wconf 88' lang='lat'><strong>¹</strong></span> <span class='ocrx_word' id='word_1_305' title='bbox 638 3930 930 4000; x_wconf 85' lang='lat' dir='ltr'>Perperam</span> <span class='ocrx_word' id='word_1_306' title='bbox 968 3931 1043 3999; x_wconf 90' lang='lat' dir='ltr'>gl.</span> <span class='ocrx_word' id='word_1_307' title='bbox 1083 3931 1151 3985; x_wconf 89' lang='lat' dir='ltr'>ad</span> <span class='ocrx_word' id='word_1_308' title='bbox 1190 3948 1234 3985; x_wconf 92' lang='grc'>6.</span> <span class='ocrx_word' id='word_1_309' title='bbox 1274 3932 1359 3984; x_wconf 85' lang='grc'><strong>24.</strong></span> <span class='ocrx_word' id='word_1_310' title='bbox 1414 3932 1479 3985; x_wconf 87' lang='grc'>116</span> <span class='ocrx_word' id='word_1_311' title='bbox 1531 3933 1688 3989; x_wconf 88' lang='lat' dir='ltr'>elect.</span> <span class='ocrx_word' id='word_1_312' title='bbox 1739 3935 1797 3988; x_wconf 89' lang='lat' dir='ltr'>in</span> <span class='ocrx_word' id='word_1_313' title='bbox 1834 3933 1983 3987; x_wconf 86' lang='lat' dir='ltr'>Sext.</span> <span class='ocrx_word' id='word_1_314' title='bbox 2023 3934 2063 3988; x_wconf 92' lang='lat' dir='ltr'>I.</span> <span class='ocrx_word' id='word_1_315' title='bbox 2104 3935 2153 3988; x_wconf 85' lang='lat'>6.</span> <span class='ocrx_word' id='word_1_316' title='bbox 2194 3952 2246 3988; x_wconf 87' lang='lat' dir='ltr'>v.</span> <span class='ocrx_word' id='word_1_317' title='bbox 2303 3935 2776 4002; x_wconf 74' lang='lat' dir='ltr'>Praedicator-um,</span> <span class='ocrx_word' id='word_1_318' title='bbox 2827 3934 2884 3985; x_wconf 90' lang='lat' dir='ltr'>et</span> <span class='ocrx_word' id='word_1_319' title='bbox 2932 3933 3057 4001; x_wconf 89' lang='lat' dir='ltr'>post</span> 
     </span>
     <span class='ocr_line' id='line_1_35' title="bbox 400 4010 3054 4083; baseline 0 -18"><span class='ocrx_word' id='word_1_320' title='bbox 400 4026 522 4065; x_wconf 88' lang='lat' dir='ltr'>eam</span> <span class='ocrx_word' id='word_1_321' title='bbox 559 4010 905 4078; x_wconf 69' lang='lat' dir='ltr'>Reiffenetuel</span> <span class='ocrx_word' id='word_1_322' title='bbox 916 4052 933 4080; x_wconf 88' lang='lat'>,</span> <span class='ocrx_word' id='word_1_323' title='bbox 985 4011 1020 4065; x_wconf 84' lang='lat' dir='ltr'><strong>J</strong></span> <span class='ocrx_word' id='word_1_324' title='bbox 1022 4028 1088 4065; x_wconf 92' lang='lat' dir='ltr'>us</span> <span class='ocrx_word' id='word_1_325' title='bbox 1126 4029 1312 4065; x_wconf 88' lang='lat' dir='ltr'>canon.</span> <span class='ocrx_word' id='word_1_326' title='bbox 1350 4011 1516 4077; x_wconf 69' lang='lat' dir='ltr'>univ„</span> <span class='ocrx_word' id='word_1_327' title='bbox 1555 4011 1800 4069; x_wconf 90' lang='lat' dir='ltr'>Prooem.</span> <span class='ocrx_word' id='word_1_328' title='bbox 1835 4031 1891 4068; x_wconf 91' lang='lat' dir='ltr'>n.</span> <span class='ocrx_word' id='word_1_329' title='bbox 1932 4014 2050 4069; x_wconf 89' lang='grc'><strong>108.</strong></span> <span class='ocrx_word' id='word_1_330' title='bbox 2090 4032 2210 4083; x_wconf 88' lang='lat' dir='ltr'>sqq.</span> <span class='ocrx_word' id='word_1_331' title='bbox 2250 4013 2448 4069; x_wconf 86' lang='lat' dir='ltr'>asserit</span> <span class='ocrx_word' id='word_1_332' title='bbox 2463 4056 2476 4079; x_wconf 92' lang='lat'>,</span> <span class='ocrx_word' id='word_1_333' title='bbox 2512 4012 2891 4083; x_wconf 86' lang='lat' dir='ltr'>inscriptiones</span> <span class='ocrx_word' id='word_1_334' title='bbox 2941 4029 3054 4076; x_wconf 89' lang='lat' dir='ltr'>seu,</span> 
     </span>
     <span class='ocr_line' id='line_1_36' title="bbox 400 4088 3054 4164; baseline 0.001 -21"><span class='ocrx_word' id='word_1_335' title='bbox 400 4088 484 4143; x_wconf 91' lang='lat' dir='ltr'>uti</span> <span class='ocrx_word' id='word_1_336' title='bbox 518 4092 638 4142; x_wconf 91' lang='lat' dir='ltr'>tum</span> <span class='ocrx_word' id='word_1_337' title='bbox 675 4090 820 4144; x_wconf 84' lang='lat' dir='ltr'>dicta</span> <span class='ocrx_word' id='word_1_338' title='bbox 857 4091 1057 4157; x_wconf 89' lang='lat' dir='ltr'>glossa,</span> <span class='ocrx_word' id='word_1_339' title='bbox 1094 4094 1213 4145; x_wconf 90' lang='lat' dir='ltr'>tum</span> <span class='ocrx_word' id='word_1_340' title='bbox 1249 4093 1595 4159; x_wconf 74' lang='lat' dir='ltr'>Reiffenstuel</span> <span class='ocrx_word' id='word_1_341' title='bbox 1632 4112 1726 4149; x_wconf 87' lang='lat' dir='ltr'>eas</span> <span class='ocrx_word' id='word_1_342' title='bbox 1763 4097 1954 4159; x_wconf 85' lang='lat' dir='ltr'>vocat,</span> <span class='ocrx_word' id='word_1_343' title='bbox 1991 4098 2498 4164; x_wconf 77' lang='lat' dir='ltr'>superscriptiones,</span> <span class='ocrx_word' id='word_1_344' title='bbox 2537 4111 2657 4148; x_wconf 90' lang='lat' dir='ltr'>esse</span> <span class='ocrx_word' id='word_1_345' title='bbox 2695 4091 3054 4157; x_wconf 88' lang='lat' dir='ltr'>authenticas,</span> 
     </span>
     <span class='ocr_line' id='line_1_37' title="bbox 402 4170 3056 4243; baseline 0.001 -20"><span class='ocrx_word' id='word_1_346' title='bbox 402 4172 459 4224; x_wconf 90' lang='lat' dir='ltr'>et</span> <span class='ocrx_word' id='word_1_347' title='bbox 495 4187 654 4240; x_wconf 87' lang='lat' dir='ltr'>posse</span> <span class='ocrx_word' id='word_1_348' title='bbox 692 4188 763 4224; x_wconf 84' lang='lat' dir='ltr'>ex</span> <span class='ocrx_word' id='word_1_349' title='bbox 811 4170 923 4224; x_wconf 91' lang='lat' dir='ltr'>illis</span> <span class='ocrx_word' id='word_1_350' title='bbox 971 4171 1089 4225; x_wconf 88' lang='lat' dir='ltr'>fieri</span> <span class='ocrx_word' id='word_1_351' title='bbox 1137 4171 1426 4226; x_wconf 79' lang='lat' dir='ltr'>illationes,</span> <span class='ocrx_word' id='word_1_352' title='bbox 1502 4173 1706 4243; x_wconf 86' lang='lat' dir='ltr'>Utique</span> <span class='ocrx_word' id='word_1_353' title='bbox 1723 4217 1736 4239; x_wconf 93' lang='lat'><em>‚</em></span> <span class='ocrx_word' id='word_1_354' title='bbox 1787 4174 1881 4236; x_wconf 89' lang='lat' dir='ltr'>ubi</span> <span class='ocrx_word' id='word_1_355' title='bbox 1929 4174 2054 4229; x_wconf 82' lang='lat' dir='ltr'>illas</span> <span class='ocrx_word' id='word_1_356' title='bbox 2106 4178 2253 4229; x_wconf 89' lang='lat' dir='ltr'>certo</span> <span class='ocrx_word' id='word_1_357' title='bbox 2291 4177 2505 4230; x_wconf 89' lang='lat' dir='ltr'>constet</span> <span class='ocrx_word' id='word_1_358' title='bbox 2554 4192 2675 4228; x_wconf 88' lang='lat' dir='ltr'>esse</span> <span class='ocrx_word' id='word_1_359' title='bbox 2712 4172 3056 4227; x_wconf 87' lang='lat' dir='ltr'>authenticas</span> 
     </span>
     <span class='ocr_line' id='line_1_38' title="bbox 402 4251 3055 4326; baseline 0.001 -23"><span class='ocrx_word' id='word_1_360' title='bbox 402 4268 500 4304; x_wconf 89' lang='grc'><strong>5611</strong></span> <span class='ocrx_word' id='word_1_361' title='bbox 535 4268 729 4320; x_wconf 86' lang='lat' dir='ltr'>reapse</span> <span class='ocrx_word' id='word_1_362' title='bbox 766 4269 798 4305; x_wconf 97' lang='lat' dir='ltr'>a</span> <span class='ocrx_word' id='word_1_363' title='bbox 837 4251 999 4305; x_wconf 89' lang='lat' dir='ltr'>Curia</span> <span class='ocrx_word' id='word_1_364' title='bbox 1035 4252 1280 4306; x_wconf 87' lang='lat' dir='ltr'>Romana</span> <span class='ocrx_word' id='word_1_365' title='bbox 1316 4252 1395 4306; x_wconf 87' lang='lat' dir='ltr'>ita</span> <span class='ocrx_word' id='word_1_366' title='bbox 1433 4258 1723 4324; x_wconf 87' lang='lat' dir='ltr'>conceptas</span> <span class='ocrx_word' id='word_1_367' title='bbox 1739 4297 1753 4320; x_wconf 90' lang='lat'>,</span> <span class='ocrx_word' id='word_1_368' title='bbox 1790 4272 1949 4325; x_wconf 88' lang='lat' dir='ltr'>posse</span> <span class='ocrx_word' id='word_1_369' title='bbox 1988 4272 2057 4310; x_wconf 84' lang='lat' dir='ltr'>ex</span> <span class='ocrx_word' id='word_1_370' title='bbox 2093 4254 2161 4309; x_wconf 90' lang='lat' dir='ltr'>iis</span> <span class='ocrx_word' id='word_1_371' title='bbox 2199 4255 2343 4309; x_wconf 88' lang='lat' dir='ltr'>circa</span> <span class='ocrx_word' id='word_1_372' title='bbox 2374 4256 2482 4326; x_wconf 71' lang='grc' dir='ltr'>ι1115,</span> <span class='ocrx_word' id='word_1_373' title='bbox 2518 4254 2576 4308; x_wconf 86' lang='grc'>111</span> <span class='ocrx_word' id='word_1_374' title='bbox 2614 4253 2777 4307; x_wconf 85' lang='lat' dir='ltr'>Curia</span> <span class='ocrx_word' id='word_1_375' title='bbox 2811 4253 3055 4306; x_wconf 88' lang='lat' dir='ltr'>Romana</span> 
     </span>
     <span class='ocr_line' id='line_1_39' title="bbox 401 4329 3055 4405; baseline 0.001 -22"><span class='ocrx_word' id='word_1_376' title='bbox 401 4329 667 4397; x_wconf 86' lang='lat' dir='ltr'>agnitum,</span> <span class='ocrx_word' id='word_1_377' title='bbox 702 4329 908 4396; x_wconf 88' lang='lat' dir='ltr'>inferri,</span> <span class='ocrx_word' id='word_1_378' title='bbox 946 4349 1043 4401; x_wconf 87' lang='lat' dir='ltr'>per</span> <span class='ocrx_word' id='word_1_379' title='bbox 1080 4350 1140 4386; x_wconf 89' lang='lat' dir='ltr'>se</span> <span class='ocrx_word' id='word_1_380' title='bbox 1177 4335 1344 4402; x_wconf 89' lang='lat' dir='ltr'>patet.</span> <span class='ocrx_word' id='word_1_381' title='bbox 1418 4334 1679 4387; x_wconf 84' lang='lat' dir='ltr'>Attamen</span> <span class='ocrx_word' id='word_1_382' title='bbox 1717 4353 1787 4388; x_wconf 84' lang='lat' dir='ltr'>ex</span> <span class='ocrx_word' id='word_1_383' title='bbox 1824 4353 1886 4388; x_wconf 92' lang='lat' dir='ltr'>eo</span> <span class='ocrx_word' id='word_1_384' title='bbox 1924 4335 2054 4401; x_wconf 88' lang='lat' dir='ltr'>solo,</span> <span class='ocrx_word' id='word_1_385' title='bbox 2100 4336 2243 4405; x_wconf 89' lang='lat' dir='ltr'>quod</span> <span class='ocrx_word' id='word_1_386' title='bbox 2278 4335 2657 4405; x_wconf 88' lang='lat' dir='ltr'>inscriptiones</span> <span class='ocrx_word' id='word_1_387' title='bbox 2692 4333 2821 4387; x_wconf 86' lang='lat' dir='ltr'>illae</span> <span class='ocrx_word' id='word_1_388' title='bbox 2858 4331 2916 4386; x_wconf 89' lang='lat' dir='ltr'>in</span> <span class='ocrx_word' id='word_1_389' title='bbox 2951 4332 3055 4387; x_wconf 86' lang='lat' dir='ltr'>hac</span> 
     </span>
     <span class='ocr_line' id='line_1_40' title="bbox 402 4409 3052 4487; baseline 0.001 -24"><span class='ocrx_word' id='word_1_390' title='bbox 402 4409 718 4464; x_wconf 88' lang='lat' dir='ltr'>collectione</span> <span class='ocrx_word' id='word_1_391' title='bbox 753 4411 1122 4466; x_wconf 86' lang='lat' dir='ltr'>Decretalium</span> <span class='ocrx_word' id='word_1_392' title='bbox 1159 4416 1449 4467; x_wconf 88' lang='lat' dir='ltr'>occurrunt</span> <span class='ocrx_word' id='word_1_393' title='bbox 1465 4456 1478 4478; x_wconf 93' lang='lat'>,</span> <span class='ocrx_word' id='word_1_394' title='bbox 1527 4414 1719 4468; x_wconf 88' lang='lat' dir='ltr'>inferri</span> <span class='ocrx_word' id='word_1_395' title='bbox 1754 4432 2099 4485; x_wconf 86' lang='lat' dir='ltr'>nequaquam</span> <span class='ocrx_word' id='word_1_396' title='bbox 2135 4419 2317 4487; x_wconf 90' lang='lat' dir='ltr'>potest</span> <span class='ocrx_word' id='word_1_397' title='bbox 2334 4459 2345 4481; x_wconf 95' lang='lat'>,</span> <span class='ocrx_word' id='word_1_398' title='bbox 2404 4434 2497 4470; x_wconf 89' lang='lat' dir='ltr'>eas</span> <span class='ocrx_word' id='word_1_399' title='bbox 2536 4431 2657 4468; x_wconf 87' lang='grc'><strong>6556</strong></span> <span class='ocrx_word' id='word_1_400' title='bbox 2694 4412 3052 4469; x_wconf 88' lang='lat' dir='ltr'>authenticas.</span> 
     </span>
    </p>

    <p class='ocr_par' dir='ltr' id='par_1_9' title="bbox 584 4490 2567 4567">
     <span class='ocr_line' id='line_1_41' title="bbox 584 4490 2567 4567; baseline 0.002 -23"><span class='ocrx_word' id='word_1_401' title='bbox 584 4491 605 4525; x_wconf 83' lang='lat'><strong>²</strong></span> <span class='ocrx_word' id='word_1_402' title='bbox 642 4490 751 4545; x_wconf 86' lang='lat' dir='ltr'>cfr.</span> <span class='ocrx_word' id='word_1_403' title='bbox 790 4493 1103 4562; x_wconf 72' lang='lat' dir='ltr'>Friedbery,</span> <span class='ocrx_word' id='word_1_404' title='bbox 1139 4492 1198 4546; x_wconf 92' lang='lat' dir='ltr'>in</span> <span class='ocrx_word' id='word_1_405' title='bbox 1235 4493 1390 4563; x_wconf 86' lang='lat' dir='ltr'>Corp.</span> <span class='ocrx_word' id='word_1_406' title='bbox 1424 4494 1531 4565; x_wconf 84' lang='lat' dir='ltr'>jur.</span> <span class='ocrx_word' id='word_1_407' title='bbox 1572 4512 1687 4549; x_wconf 87' lang='grc'><strong>6611.</strong></span> <span class='ocrx_word' id='word_1_408' title='bbox 1725 4498 1865 4565; x_wconf 88' lang='lat' dir='ltr'>part.</span> <span class='ocrx_word' id='word_1_409' title='bbox 1903 4496 1971 4549; x_wconf 90' lang='lat' dir='ltr'>H.</span> <span class='ocrx_word' id='word_1_410' title='bbox 2009 4496 2252 4567; x_wconf 87' lang='lat' dir='ltr'>prolegg.</span> <span class='ocrx_word' id='word_1_411' title='bbox 2292 4496 2391 4550; x_wconf 91' lang='lat' dir='ltr'>col.</span> <span class='ocrx_word' id='word_1_412' title='bbox 2430 4495 2567 4549; x_wconf 90' lang='lat' dir='ltr'>XLI.</span> 
     </span>
    </p>

    <p class='ocr_par' dir='ltr' id='par_1_10' title="bbox 403 4568 3053 4723">
     <span class='ocr_line' id='line_1_42' title="bbox 584 4568 3053 4648; baseline 0.002 -24"><span class='ocrx_word' id='word_1_413' title='bbox 584 4572 604 4606; x_wconf 77' lang='lat'><strong>³</strong></span> <span class='ocrx_word' id='word_1_414' title='bbox 641 4568 809 4626; x_wconf 88' lang='lat' dir='ltr'>Porro</span> <span class='ocrx_word' id='word_1_415' title='bbox 860 4572 957 4626; x_wconf 86' lang='lat' dir='ltr'>cfr.</span> <span class='ocrx_word' id='word_1_416' title='bbox 1003 4572 1411 4643; x_wconf 90' lang='lat' dir='ltr'>inscriptionem</span> <span class='ocrx_word' id='word_1_417' title='bbox 1462 4592 1577 4645; x_wconf 89' lang='lat' dir='ltr'>cap.</span> <span class='ocrx_word' id='word_1_418' title='bbox 1619 4576 1702 4630; x_wconf 88' lang='lat'>19.</span> <span class='ocrx_word' id='word_1_419' title='bbox 1741 4575 1808 4629; x_wconf 92' lang='lat' dir='ltr'>X.</span> <span class='ocrx_word' id='word_1_420' title='bbox 1862 4576 1927 4630; x_wconf 90' lang='lat' dir='ltr'>de</span> <span class='ocrx_word' id='word_1_421' title='bbox 1971 4576 2305 4648; x_wconf 86' lang='lat' dir='ltr'>jurejurand.</span> <span class='ocrx_word' id='word_1_422' title='bbox 2357 4576 2424 4631; x_wconf 92' lang='grc' dir='ltr'><strong>Π.</strong></span> <span class='ocrx_word' id='word_1_423' title='bbox 2463 4576 2578 4629; x_wconf 82' lang='lat'>24.:</span> <span class='ocrx_word' id='word_1_424' title='bbox 2644 4575 2822 4641; x_wconf 86' lang='lat' dir='ltr'>„Idem</span> <span class='ocrx_word' id='word_1_425' title='bbox 2878 4573 3053 4642; x_wconf 86' lang='lat' dir='ltr'>(Inno-</span> 
     </span>
     <span class='ocr_line' id='line_1_43' title="bbox 403 4649 2824 4723; baseline 0.004 -18"><span class='ocrx_word' id='word_1_426' title='bbox 403 4653 544 4705; x_wconf 89' lang='lat' dir='ltr'>cent.</span> <span class='ocrx_word' id='word_1_427' title='bbox 584 4650 702 4719; x_wconf 86' lang='lat'>111.)</span> <span class='ocrx_word' id='word_1_428' title='bbox 747 4649 1072 4707; x_wconf 85' lang='lat' dir='ltr'>Consulibus</span> <span class='ocrx_word' id='word_1_429' title='bbox 1110 4656 1167 4706; x_wconf 89' lang='lat' dir='ltr'>et</span> <span class='ocrx_word' id='word_1_430' title='bbox 1200 4652 1408 4723; x_wconf 90' lang='lat' dir='ltr'>Populo</span> <span class='ocrx_word' id='word_1_431' title='bbox 1446 4655 1790 4710; x_wconf 80' lang='lat' dir='ltr'>Tudertin0.“</span> <span class='ocrx_word' id='word_1_432' title='bbox 2821 4671 2824 4676; x_wconf 83' lang='lat'>&#39;</span> 
     </span>
    </p>

    <p class='ocr_par' dir='ltr' id='par_1_11' title="bbox 406 4731 3056 4888">
     <span class='ocr_line' id='line_1_44' title="bbox 583 4731 3056 4807; baseline 0.002 -23"><span class='ocrx_word' id='word_1_433' title='bbox 583 4731 608 4767; x_wconf 75' lang='lat'>4</span> <span class='ocrx_word' id='word_1_434' title='bbox 642 4733 1015 4802; x_wconf 74' lang='lat' dir='ltr'>Reiffenstuel,</span> <span class='ocrx_word' id='word_1_435' title='bbox 1055 4733 1158 4787; x_wconf 84' lang='lat' dir='ltr'>Jus</span> <span class='ocrx_word' id='word_1_436' title='bbox 1195 4749 1382 4788; x_wconf 89' lang='lat' dir='ltr'>canon.</span> <span class='ocrx_word' id='word_1_437' title='bbox 1421 4735 1588 4800; x_wconf 65' lang='lat' dir='ltr'>univ„</span> <span class='ocrx_word' id='word_1_438' title='bbox 1625 4735 1871 4790; x_wconf 89' lang='lat' dir='ltr'>Prooem.</span> <span class='ocrx_word' id='word_1_439' title='bbox 1908 4754 1961 4790; x_wconf 91' lang='grc'>11.</span> <span class='ocrx_word' id='word_1_440' title='bbox 2004 4738 2152 4802; x_wconf 89' lang='grc'><strong>106.;</strong></span> <span class='ocrx_word' id='word_1_441' title='bbox 2193 4738 2421 4807; x_wconf 81' lang='lat' dir='ltr'>Schulte,</span> <span class='ocrx_word' id='word_1_442' title='bbox 2457 4736 2557 4790; x_wconf 88' lang='lat' dir='ltr'>Die</span> <span class='ocrx_word' id='word_1_443' title='bbox 2594 4734 2768 4789; x_wconf 87' lang='lat' dir='ltr'>Lehre</span> <span class='ocrx_word' id='word_1_444' title='bbox 2804 4755 2914 4790; x_wconf 85' lang='lat' dir='ltr'>von</span> <span class='ocrx_word' id='word_1_445' title='bbox 2951 4737 3056 4790; x_wconf 89' lang='lat' dir='ltr'>den</span> 
     </span>
     <span class='ocr_line' id='line_1_45' title="bbox 406 4810 2776 4888; baseline 0.002 -22"><span class='ocrx_word' id='word_1_446' title='bbox 406 4810 651 4877; x_wconf 82' lang='lat' dir='ltr'>Quellen‚</span> <span class='ocrx_word' id='word_1_447' title='bbox 689 4830 740 4882; x_wconf 92' lang='lat' dir='ltr'>p.</span> <span class='ocrx_word' id='word_1_448' title='bbox 780 4813 932 4877; x_wconf 84' lang='lat'>360.;</span> <span class='ocrx_word' id='word_1_449' title='bbox 970 4814 1134 4882; x_wconf 84' lang='lat' dir='ltr'>Idem,</span> <span class='ocrx_word' id='word_1_450' title='bbox 1171 4812 1272 4867; x_wconf 92' lang='lat' dir='ltr'>Die</span> <span class='ocrx_word' id='word_1_451' title='bbox 1310 4812 1638 4869; x_wconf 82' lang='lat' dir='ltr'>Geschichte</span> <span class='ocrx_word' id='word_1_452' title='bbox 1676 4816 1771 4870; x_wconf 90' lang='lat' dir='ltr'>der</span> <span class='ocrx_word' id='word_1_453' title='bbox 1808 4816 2050 4882; x_wconf 84' lang='lat' dir='ltr'>Quellen‚</span> <span class='ocrx_word' id='word_1_454' title='bbox 2086 4821 2215 4872; x_wconf 92' lang='lat' dir='ltr'>tom.</span> <span class='ocrx_word' id='word_1_455' title='bbox 2253 4818 2321 4872; x_wconf 91' lang='lat' dir='ltr'>H.</span> <span class='ocrx_word' id='word_1_456' title='bbox 2360 4836 2411 4888; x_wconf 91' lang='lat' dir='ltr'>p.</span> <span class='ocrx_word' id='word_1_457' title='bbox 2451 4817 2535 4872; x_wconf 81' lang='lat'>20.</span> <span class='ocrx_word' id='word_1_458' title='bbox 2573 4816 2631 4870; x_wconf 89' lang='lat' dir='ltr'>in</span> <span class='ocrx_word' id='word_1_459' title='bbox 2666 4819 2776 4870; x_wconf 89' lang='lat' dir='ltr'>not.</span> 
     </span>
    </p>
   </div>
  </div>
 </body>
</html>
