3355 5328
1248 348 1427 403 sectio
1465 350 1531 403 v.
1585 349 1617 417 s
1659 349 1782 404 135.
1824 350 1943 404 136.
1985 350 2104 405 137.
2898 350 3005 406 eos

340 513 383 607 ξ
429 519 563 589 135.
659 522 1126 591 Consideratae
1171 525 1241 590 in
1286 524 1615 592 relatione
1665 524 1751 592 ad
1800 525 2302 593 constitutiones
2348 526 2753 612 pontiflciaS,
2816 527 3008 593 extra

728 630 993 722 Librum
1043 631 1310 697 Sextum
1358 632 1685 717 vagantes
1735 632 1802 698 et
1848 632 1918 697 in
1962 632 2109 718 ipsa
2155 650 2284 698 non
2329 634 2640 700 insertas.
2983 647 2988 656 ·

525 788 749 866 Quoad
797 789 1300 856 constitutiones
1346 790 1715 874 pontificias
1733 841 1747 870 ‚
1811 796 2005 857 extra
2048 791 2314 857 Librum
2364 792 2635 858 Sextum
2681 796 3007 874 vagantes

343 891 412 953 et
457 887 526 952 in
570 887 716 971 ipsa
761 909 892 952 non
923 887 1228 966 insertas,
1278 888 1575 954 collectio
1606 890 1772 954 haec
1803 910 2216 971 nequaquam
2259 894 2362 956 est
2396 894 2729 973 exclusiva,
2779 891 3006 972 quales

340 988 497 1050 sunt
543 985 841 1052 collectio
877 987 1281 1071 Greyoriana
1328 990 1396 1052 et
1425 988 1625 1058 Liber
1655 988 1904 1070 Sextus,
1952 987 1992 1053 i.
2029 1008 2083 1060 e.
2132 1008 2252 1072 per
2291 1008 2444 1058 eam
2491 1009 2622 1053 non
2669 992 2823 1054 sunt
2852 989 3006 1053 illae

347 1083 851 1149 constitutiones
896 1082 1270 1167 pontificiae
1319 1088 1861 1166 extravagantes,
1911 1106 2079 1167 quae
2126 1086 2275 1150 inde
2314 1108 2354 1151 a
2385 1086 2779 1152 Pontificatu
2811 1088 3006 1151 Rom·-

340 1182 504 1264 facii
549 1182 738 1246 VIH.
790 1180 1005 1247 editae
1053 1180 1352 1260 fuerunt,
1413 1182 1483 1246 in
1527 1183 1699 1247 hanc
1747 1183 2197 1249 collectionem
2253 1186 2476 1248 autem
2521 1187 2828 1267 receptae
2875 1205 3006 1248 non

341 1283 515 1357 sunt,
564 1299 683 1344 suo
728 1279 958 1344 *valore
1007 1279 1308 1361 originali
1354 1280 1658 1363 privatae
1706 1302 1824 1346 seu
1870 1282 2250 1363 abrogatae.
2330 1281 2404 1345 Id
2466 1282 2681 1347 elucet
2726 1303 2763 1346 e
2808 1302 3001 1365 prae-

349 1376 495 1442 fata
558 1378 736 1442 bulla
799 1377 1296 1460 publicationis:
1367 1381 1684 1459 Quoniam
1746 1379 1962 1463 nulla,
2023 1379 2139 1443 ubi
2203 1380 2386 1463 Papa
2444 1380 2486 1446 J
2490 1400 2736 1445 oannes
2796 1379 3001 1445 XXII.

342 1476 798 1541 tantummodo
859 1476 1063 1559 jubet.
1115 1475 1690 1542 constitutionibus
1753 1477 1822 1541 in
1885 1477 2004 1542 illa
2069 1477 2451 1542 collectione
2521 1477 3005 1561 comprehensis

341 1572 700 1638 universim
747 1572 862 1651 uti,
912 1593 1326 1656 nequaquam
1374 1579 1596 1640 autem
1635 1575 1824 1658 jubet
1842 1624 1856 1653 ‚
1908 1575 2196 1657 reliquas
2243 1576 2747 1642 constitutiones
2793 1574 3004 1660 ponti-

340 1671 522 1736 ficias
568 1692 687 1754 pro
735 1671 1075 1753 abrogatis
1122 1673 1367 1738 haberi.
1434 1673 1574 1749 Qua
1619 1673 1879 1739 ratione
1926 1673 2128 1755 igitur
2159 1673 2458 1739 collectio
2503 1674 2668 1739 haec
2700 1695 2741 1739 a
2773 1674 3006 1739 collec-

341 1769 522 1838 tione
556 1770 961 1854 Greqoriana
1008 1773 1076 1835 et
1106 1771 1304 1835 Libro
1338 1772 1523 1836 Seoeto
1570 1771 1953 1837 notabiliter
1999 1772 2236 1837 differt.
2300 1771 2494 1837 Unde
2540 1792 2688 1837 eam
2718 1772 3005 1836 Joannes

342 1869 651 1932 Andreae
681 1867 881 1933 etiam
914 1868 1174 1960 nomine
1197 1870 1406 1950 Libri,
1443 1890 1519 1933 eo
1546 1890 1763 1948 sensu,
1798 1890 1925 1951 quo
1959 1870 2256 1935 collectio
2284 1871 2689 1955 Greqoriana
2719 1874 2789 1935 et
2811 1869 3009 1935 Liber

343 1966 571 2030 Sextus
616 1965 739 2031 hoc
786 1966 1046 2031 nomine
1094 1966 1426 2047 designari
1468 1970 1970 2045 consueverunt,
2021 1967 2492 2049 designandam
2539 1988 2684 2032 esse
2729 1970 2933 2049 negat
2962 1963 3002 2032 ¹.

647 2154 685 2241 ἓ
732 2152 864 2223 136.
910 2105 913 2108 ¹
960 2156 1426 2224 Consideratae
1473 2158 1544 2224 in
1588 2158 1916 2225 relatione
1966 2158 2051 2226 ad
2098 2159 2363 2225 Librum
2413 2159 2701 2226 Sextum.
2745 2171 2752 2177 ·

521 2316 598 2381 In
643 2316 962 2382 relatione
1009 2317 1092 2382 ad
1138 2316 1407 2383 Librum
1457 2319 1733 2385 Sextum
1779 2324 1883 2385 est
1938 2320 2235 2387 collectio
2283 2319 2689 2386 Clementina
2733 2320 2844 2385 lex
2889 2341 3005 2404 po·
3069 2383 3072 2384 ⁷

343 2413 603 2493 sterior,
654 2418 723 2480 et
767 2414 938 2492 hinc,
986 2415 1052 2479 in
1103 2420 1420 2497 quantum
1467 2421 1571 2483 est
1615 2418 1712 2482 illi
1759 2418 2109 2496 contraria,
2161 2417 2220 2483 ei
2268 2418 2545 2500 derogat
2577 2414 2622 2485 ².

1237 2654 1558 2744 CAPUT
1604 2656 2117 2760 QUARTUM.

1076 2837 1303 2911 Fata
1357 2839 1622 2934 hujus
1680 2836 2282 2912 collectionis,

1204 3031 1730 3102 ARTICULUS
1774 3030 2151 3100 PRIMUS.

344 3186 499 3257 Inde
531 3188 611 3259 ab
645 3186 785 3281 ejus
821 3187 971 3260 ortu
1002 3207 1206 3279 usque
1238 3188 1318 3260 ad
1351 3185 1490 3281 ejus
1523 3186 1870 3260 editionem
1898 3187 2346 3260 authenticam
2375 3187 2721 3260 Romanam
2751 3207 2808 3260 a.
2832 3187 3005 3261 1582.

349 3366 549 3456 §132
612 3370 925 3438 Publicae
972 3371 1454 3459 praelectiones
1505 3393 1704 3460 super
1752 3393 1833 3441 ea
1877 3375 1947 3440 in
1992 3373 2386 3441 Bononiensi
2432 3374 2697 3461 etlaliis
2729 3368 3005 3440 Univer-

411 3477 723 3544 sitatibus
768 3477 1035 3545 habitae
1086 3480 1153 3546 et
1198 3481 1390 3547 varia
1438 3498 1640 3567 opera
1686 3481 2046 3564 litteraria,
2095 3500 2322 3548 earum
2369 3481 2707 3548 occasione
2732 3500 2955 3567 super

1417 3587 1537 3654 illa
1587 3587 1934 3654 adornata.

522 3743 746 3808 Etiam
806 3765 1003 3828 super
1059 3744 1184 3810 hac
1244 3747 1626 3812 collectione
1688 3746 1916 3811 statim
1975 3749 2127 3830 post
2177 3747 2317 3828 ejus
2363 3745 2869 3829 publicationem
2888 3796 2902 3824 ,
2965 3768 3005 3811 a

344 3841 529 3925 Papa
572 3842 826 3907 Joanne
870 3841 1107 3908 XXII.
1158 3842 1438 3921 factam,
1501 3844 1569 3909 in
1614 3843 2046 3922 Bononiensi,
2107 3847 2175 3909 et
2222 3844 2453 3908 deinde
2500 3843 2701 3909 etiam
2746 3843 2814 3908 in
2860 3843 3006 3909 aliis

343 3939 905 4026 Universitatibus
973 3941 1271 4023 publicae
1339 3942 1816 4025 praelectiones
1882 3942 2149 4008 habitae
2214 3945 2386 4007 sunt.
2479 3941 2712 4024 Neque
2781 3945 3005 4007 tamen

338 4100 565 4151 vestrae
601 4114 699 4167 per
735 4096 1032 4167 apostolica
1083 4096 1288 4167 scripta
1325 4097 1645 4151 mandantes
1662 4139 1674 4162 ,
1734 4101 2002 4166 quatenus
2040 4115 2135 4152 eas
2171 4101 2418 4168 prompto
2457 4099 2654 4152 affectu
2692 4096 3005 4167 suscipiatis

346 4180 404 4231 et
439 4177 620 4231 studio
658 4177 856 4242 alacri,
895 4176 1003 4242 eis,
1042 4177 1122 4231 sic
1158 4177 1316 4232 vobis
1353 4178 1721 4232 manifestatis
1759 4182 1815 4232 et
1851 4177 2085 4246 cognitis
2102 4220 2115 4242 ,
2152 4178 2306 4232 usuri
2343 4179 2408 4233 de
2447 4181 2660 4232 caetero
2698 4177 2754 4231 in
2785 4177 3006 4247 judiciis

347 4260 404 4312 et
438 4257 498 4311 in
533 4257 782 4312 scholi5.“

446 4370 450 4375 -
529 4342 549 4374 ²
587 4339 650 4391 In
687 4338 760 4406 gl.
802 4337 870 4391 ad
908 4338 1068 4392 bull.:
1127 4340 1393 4404 Quoniam
1430 4340 1585 4391 nulla
1621 4356 1675 4392 v.
1714 4356 1887 4391 unum
1919 4341 2180 4407 volumen,
2219 4338 2437 4393 dicens:
2497 4338 2648 4403 „Non
2681 4340 2868 4391 tamen
2904 4338 3005 4391 sub

344 4418 560 4472 nomine
600 4420 742 4472 libri.
794 4418 951 4472 Unde
987 4418 1129 4472 male
1168 4418 1370 4482 dicunt,
1409 4417 1504 4487 qui
1540 4417 1786 4486 allegant
1820 4422 2099 4487 septimum
2137 4420 2336 4472 librum
2345 4439 2368 4486 ‚·
2404 4436 2531 4472 nam
2568 4418 2618 4472 si
2653 4418 2754 4473 sub
2791 4417 3005 4470 nomine

344 4498 472 4553 libri
508 4498 916 4569 composuisset,
955 4498 1387 4562 constitutiones,
1427 4516 1567 4567 quae
1605 4501 2000 4553 emanaverunt
2031 4502 2156 4569 post
2180 4499 2614 4569 compilationem
2640 4497 2811 4561 Sexti,
2843 4497 3005 4568 juxta

346 4596 553 4633 morem
588 4578 827 4632 insertae
863 4579 1113 4633 fuissent.
1188 4580 1327 4633 Item
1363 4579 1466 4632 hoc
1504 4579 1870 4648 expressisset
1889 4621 1902 4643 ,
1939 4583 2004 4633 ut
2039 4578 2174 4633 fecit
2208 4579 2266 4633 in
2302 4578 2575 4650 prooemio
2612 4578 2814 4633 Sexti-‚⁸
2895 4578 3003 4631 Cfr.

349 4660 579 4728 Schulte,
616 4658 718 4712 Die
757 4658 1085 4714 Geschichte
1125 4659 1221 4713 der
1258 4658 1501 4724 Quellen,
1538 4663 1671 4713 tom.
1711 4659 1777 4712 ΙΙ.
1816 4677 1868 4729 p.
1907 4659 1996 4714 48.

528 4741 547 4773 ²
587 4738 703 4804 Quo
738 4743 991 4808 respectu
1042 4739 1139 4792 cfr.
1178 4756 1232 4793 v,
1271 4756 1324 4806 g.
1382 4756 1499 4808 cap.
1546 4757 1635 4792 un.
1691 4739 1757 4792 de
1807 4738 2076 4793 immum‘t.
2114 4739 2323 4795 EccleS.
2374 4739 2433 4793 in
2471 4739 2638 4794 Clem.
2677 4739 2772 4793 III.
2816 4739 2898 4792 17.
2951 4740 3008 4791 et

347 4837 465 4889 cap.
506 4819 555 4872 3.
595 4819 710 4872 eod.
750 4818 806 4872 in
843 4818 993 4873 Sext.
1033 4819 1127 4872 ΠΙ.
1167 4819 1252 4873 23.
1328 4818 1495 4872 Porro
1533 4819 1632 4872 cfr.
1673 4819 1888 4872 Schulte
1924 4818 1960 4873 1.
2000 4837 2045 4873 c.
2085 4837 2136 4889 p.
2175 4820 2264 4874 48.
2301 4837 2383 4889 sq.
3063 4880 3132 4923 s,
