3355 5328
418 282 489 336 46
1300 283 1439 336 Pars
1475 283 1517 335 Ι.
1570 283 1859 337 Decretum
1900 281 2163 337 Gratiani.

598 444 696 508 De
742 445 1005 509 caetero
1052 447 1273 508 autem
1331 443 1509 509 tituli
1557 445 2040 508 decretistarum
2101 445 2169 507 et
2223 443 2701 506 canonistarum
2746 437 2815 501 in
2859 436 3081 500 Bono-

418 540 628 605 niensi
673 541 1126 606 Universitate
1185 540 1381 606 etiam
1431 541 1560 605 illis
1606 541 2067 605 tribuebantur
2083 589 2098 617 ,
2161 538 2272 620 qui
2311 537 2444 621 juri
2490 535 2800 602 canonico
2849 554 3084 599 secun-

421 639 573 703 dum
619 641 972 705 Decretum
1020 638 1318 705 Gratiani
1368 641 1666 704 discendo
1715 659 1985 722 operam
2033 637 2280 702 dabant
2308 634 2350 702 ¹.

1338 904 1662 992 CAPUT
1716 902 2151 992 SEXTUM.

1414 1095 1633 1167 Fata
1700 1091 2083 1166 Decreti.

1189 1295 1813 1365 ARTIOULUS
1871 1295 2316 1365 PRIMUS.

775 1463 932 1535 Inde
980 1465 1060 1535 ab
1107 1462 1245 1557 ejus
1292 1463 1442 1536 ortu
1488 1482 1696 1553 usque
1744 1461 1823 1534 ad
1869 1461 2139 1553 primam
2187 1458 2327 1554 ejus
2375 1458 2738 1531 editionem.

469 1655 508 1741 ξ
555 1653 673 1722 29.”
750 1655 1117 1722 Praetensa
1164 1655 1430 1723 Decreti
1478 1653 1948 1827 aplllirobatlip53c
1994 1652 2187 1740 parte
2238 1651 2458 1738 Papae
2506 1647 2872 1756 Eugenii
2924 1645 3050 1712 ΙΙΙ.

1518 1758 1541 1848 (
1604 1758 1785 1827 45-
1933 1758 1975 1847 .)

605 1921 682 1985 In
715 1921 996 2003 quodam
1037 1940 1250 1997 opere,
1300 1920 1397 1985 uti
1427 1920 1785 1998 ferebatur,
1833 1918 2241 2003 perantiquO,
2292 1916 2464 1998 quod
2495 1915 2909 1981 intitulatum
2958 1914 3100 1976 est:

439 2017 928 2095 „Calendarium
988 2018 1499 2101 archigymnasii
1558 2017 2021 2084 Bononiensis“
2038 2067 2051 2094 ,
2115 2018 2456 2092 narratur,
2520 2014 2881 2078 Decretum
2930 2010 3103 2076 Gra-

427 2116 592 2181 tiani
611 2167 624 2193 ,
688 2117 873 2181 brevi
893 2168 906 2194 ,
946 2120 1319 2200 postquam
1378 2117 1446 2180 in
1505 2117 1834 2200 publicum
1879 2115 2247 2199 prodierat,
2311 2133 2351 2177 a
2397 2112 2580 2195 Papa
2626 2111 2919 2196 Euyenio
2968 2108 3101 2173 HI.

427 2235 545 2297 pro
594 2214 815 2280 codice
860 2214 1198 2280 Ecclesiae
1244 2213 1599 2279 universali
1631 2215 2065 2298 approbatum
2099 2216 2167 2278 et
2197 2210 2600 2295 publicatum
2632 2228 2779 2273 esse
2800 2206 2845 2273 ².
2913 2205 3103 2282 Quae

428 2312 719 2378 narratio
768 2313 1078 2378 cohaeret
1124 2334 1271 2377 cum
1331 2334 1531 2395 supra
1577 2311 1665 2396 (p.
1703 2312 1839 2394 30.)
1885 2313 2251 2375 memorata
2297 2309 2522 2374 fabula
2567 2307 2647 2372 de
2691 2303 2918 2390 plagio
2963 2305 3103 2369 De-

429 2411 610 2489 creti,
661 2411 847 2493 quasi
896 2432 932 2476 e
976 2413 1170 2494 parte
1217 2409 1582 2475 Cardinalis
1627 2410 2081 2492 Paucapaleae
2128 2410 2482 2473 attentatO.

606 2509 925 2574 Attamen
972 2508 1215 2573 dictum
1263 2507 1718 2573 Calendarium
1765 2527 1909 2571 esse
1954 2527 2224 2589 prorsus
2274 2503 2567 2588 spurium
2628 2505 2698 2567 et
2743 2499 3109 2566 recentiori

431 2606 692 2671 demum
737 2610 1035 2690 tempore
1083 2605 1458 2682 conflatum,
1508 2625 1680 2670 nunc
1727 2604 1900 2671 inter
1946 2603 2237 2669 eruditos
2283 2603 2475 2687 plene
2509 2603 2773 2667 constat
2793 2595 2840 2664 ³.
2909 2598 3110 2664 Unde

427 2707 575 2770 tota
620 2704 734 2769 illa
778 2704 1072 2770 narratio
1121 2704 1259 2786 ejus
1293 2704 1373 2767 de
1417 2702 1888 2787 approbatione
1920 2702 2186 2768 Decreti
2221 2699 2519 2767 Gratiani
2567 2720 2603 2764 e
2649 2701 2845 2782 parte
2878 2697 3110 2781 Papae

431 2804 708 2888 Euyem'i
755 2804 881 2867 III.
931 2805 1248 2883 tanquam
1296 2801 1467 2866 falsa
1514 2804 1618 2866 est
1664 2799 2037 2883 rejicienda.

477 3011 515 3095 ξ
563 3009 666 3077 30.
758 3009 1072 3078 Publicae
1119 3008 1598 3095 praelectiones
1647 3027 1846 3095 super
1891 3008 2171 3076 Decreto
2218 3007 2288 3073 in
2333 3005 2730 3073 Bononiensi
2779 3005 2851 3071 et
2901 3004 3056 3071 aliis

1278 3197 1284 3206 ·
1318 3113 1877 3181 Universitatibus
1924 3113 2211 3181 habitae.

611 3292 821 3369 Quum
866 3293 1221 3357 Decretum
1269 3291 1568 3357 Gratiani
1612 3295 1805 3357 tanta
1862 3290 2273 3375 praestantia
2320 3290 2677 3355 excelleret
2701 3340 2715 3367 ,
2780 3289 2936 3354 hinc
2956 3340 2971 3367 ‚
3037 3293 3117 3355 ut

432 3392 644 3475 ipsum
692 3412 768 3456 eo
816 3390 1047 3456 melius
1094 3389 1371 3471 intelligi
1418 3393 1486 3454 et
1533 3410 1609 3454 eo
1657 3388 1915 3454 facilius
1961 3390 2029 3454 in
2091 3388 2285 3473 praxi
2332 3385 2762 3453 ecclesiastici
2812 3386 2944 3452 fori
2993 3387 3116 3451 ad-

432 3489 641 3554 hiberi
699 3492 955 3573 posset,
1017 3488 1276 3571 plurimi
1338 3487 1630 3552 virorum
1691 3487 2094 3552 eruditorum
2113 3538 2126 3564 ,
2191 3490 2259 3551 et
2318 3485 2600 3569 primum
2662 3484 2931 3566 quidem
2978 3485 3117 3549 Bo-

434 3587 702 3664 noniae,
771 3590 840 3651 et
900 3585 1132 3650 deinde
1194 3585 1394 3651 etiam
1459 3585 1527 3649 in
1593 3584 1739 3650 aliis
1803 3585 1962 3650 locis
1985 3584 2029 3663 ⁴,
2102 3584 2314 3650 eidem
2380 3583 2767 3665 exponendo
2838 3603 3117 3666 operam

433 3687 867 3770 navaverunt.
910 3671 920 3685 ⁰
962 3683 1112 3766 Ipse
1160 3683 1513 3748 Gratianus
1557 3681 1719 3746 illud
1763 3681 1829 3745 in
1890 3682 2112 3747 schola
2156 3679 2539 3745 monasterii
2590 3679 2700 3745 SS.
2749 3679 2994 3744 Felicis
3043 3683 3118 3745 et

433 3782 719 3944 {abor}s
781 3781 1155 3914 e251plicavit.
1249 3781 1410 3845 Post
1469 3801 1617 3844 eum
1679 3783 1859 3844 certe
1919 3781 2057 3863 ejus
2118 3778 2470 3862 discipulus
2530 3777 2956 3861 Paucapalea
3022 3775 3119 3841 ibi

435 3881 457 3944 i
506 3900 611 3944 em
685 3878 815 3943 ecit
862 3930 875 3943 .

618 4032 633 4062 ¹
674 4028 1156 4094 Walter-Gerlach,
1194 4026 1480 4079 Lehrbuch
1520 4026 1615 4078 des
1653 4024 2082 4089 KirchenrecstS‚
2122 4024 2202 4077 ed.
2237 4024 2383 4078 XIV.
2423 4024 2455 4092 ξ
2498 4025 2600 4078 104
2616 4042 2664 4078 a.

617 4110 636 4143 2
677 4110 832 4161 Sarti
845 4148 860 4175 ,
912 4106 992 4160 De
1048 4106 1212 4159 claris
1263 4104 1690 4175 archigymnasii
1726 4104 2079 4158 Bononiensis
2130 4104 2527 4174 professoribus
2543 4146 2556 4169 ,
2608 4108 2739 4159 tom.
2780 4105 2823 4159 I.
2878 4108 3023 4175 part.
3067 4104 3122 4158 1.

616 4270 637 4303 ³
674 4269 921 4334 Florem,
958 4266 1039 4319 De
1076 4266 1327 4318 methodo
1366 4267 1530 4332 atque
1565 4264 1889 4317 auctoritate
1927 4263 2259 4317 collectionis
2286 4263 2552 4328 Gratiani,
2589 4264 2649 4317 in
2680 4255 2995 4333 Gallandii,
3034 4264 3123 4317 De

434 4349 671 4403 vetustis
710 4364 976 4401 canonum
1024 4343 1430 4398 collectionibus
1483 4347 1539 4397 et
1589 4343 1969 4396 collectoribus
2007 4342 2449 4396 dissertationum
2487 4342 2703 4413 sylloge
2720 4385 2733 4408 ,
2789 4344 2875 4397 ed.
2915 4344 3125 4397 Venet.

440 4430 592 4493 1778,
619 4448 670 4498 p.
696 4428 849 4490 424.;
893 4428 1145 4493 Saviyny,
1173 4424 1499 4478 Geschichte
1528 4424 1622 4476 des
1647 4430 1779 4477 rom.
1801 4424 2005 4476 Rechts
2029 4423 2104 4476 im
2128 4421 2468 4488 Mittelalter‚
2508 4426 2638 4476 tom.
2666 4424 2763 4477 III.
2791 4441 2846 4492 p.
2878 4423 2964 4475 11.
2993 4439 3126 4491 sqq·

616 4511 639 4543 ⁴
679 4509 909 4575 Schulte,
948 4504 1049 4558 Die
1089 4503 1416 4558 Geschichte
1455 4504 1550 4556 der
1588 4502 1829 4567 Quellen,
1867 4506 1994 4555 tom.
2034 4503 2102 4556 H.
2140 4520 2191 4572 p.
2235 4503 2352 4555 156.
2392 4519 2512 4570 sqq.

619 4591 638 4623 ⁵
674 4588 735 4640 Id
774 4586 953 4639 elucet
990 4602 1060 4638 ex
1097 4584 1215 4654 ejus
1241 4582 1478 4645 Summa,
1517 4582 1610 4634 ubi
1643 4582 1693 4635 is
1732 4582 1964 4651 saepiuS,
2004 4581 2086 4634 uti
2121 4600 2175 4634 v.
2213 4598 2265 4648 g.
2305 4580 2423 4634 init.
2451 4582 2517 4635 D.
2543 4582 2714 4646 VIII„
2754 4581 2921 4636 dicit:
2966 4584 3130 4650 „Au-

438 4666 642 4736 distis“,
698 4667 839 4734 quod
878 4664 1091 4719 omnino
1145 4663 1348 4716 oralem
1384 4660 1604 4715 Decreti
1655 4661 2047 4730 expositionem
2097 4660 2289 4714 innuit.
2366 4660 2476 4714 Cfr.
2518 4663 2676 4714 Sarti
2713 4661 2749 4715 l.
2793 4680 2841 4716 c.
2901 4666 3037 4716 tom.
3078 4662 3129 4716 Ι.

437 4751 575 4820 part.
618 4748 665 4801 1.
705 4764 757 4816 p.
796 4747 916 4800 280.
957 4745 989 4811 ἓ
1029 4746 1140 4808 50.;
1180 4761 1230 4812 p.
1271 4743 1392 4796 282.
1433 4742 1464 4808 ἓ
1507 4742 1552 4795 1.
