3355 5328
385 301 452 354 10
1287 302 1427 355 Pars
1462 302 1502 355 I.
1555 302 1848 356 Decretum
1887 301 2149 356 Gratiani.

381 460 617 538 tiatur,
676 481 718 525 e
765 482 893 543 quo
948 465 1172 527 tamen
1220 462 1742 544 argumentando
1803 461 2084 527 infertur
2099 512 2115 540 ,
2176 466 2334 528 tunc
2392 461 2495 526 iIli
2555 460 2787 526 canoni
2846 480 3037 543 prae-

382 558 657 623 mittunt
702 579 881 624 voa:
932 582 1090 644 ary„
1138 558 1178 625 i.
1230 580 1285 624 e.
1337 564 1748 641 argumentO,
1796 582 1883 626 sc.
1935 560 2201 625 canonis
2248 560 2434 626 citati
2465 558 2505 625 ¹.

561 656 916 722 Praeterea
963 656 1215 739 antiqui
1260 657 1659 741 interpretes
1690 658 1975 735 Decreti,
2025 679 2221 740 quum
2254 659 2463 724 citant
2494 656 2777 738 aliquem
2822 656 3036 720 locum

381 754 554 818 illius
603 756 1026 820 distinctionis
1085 759 1202 820 aut
1248 778 1481 820 causae
1523 756 1631 819 vel
1679 759 2066 840 quaestionis
2081 808 2098 837 ,
2163 777 2357 837 quam
2404 759 2585 820 recte
2630 759 2788 821 tunc
2832 752 3038 819 inter-

384 856 766 935 pretantur,
832 851 1128 918 citationi
1177 853 1513 936 adponunt
1556 854 1818 919 litteras
1878 855 1937 919 h.
1989 856 2051 919 d.
2102 852 2320 937 (hujus
2368 852 2862 935 distinctionis),
2922 854 3040 916 aut

381 952 441 1015 h.
495 952 561 1016 Ο.
611 948 830 1034 (hujus
877 950 1142 1032 causae)
1189 951 1299 1015 vel
1345 952 1403 1016 h.
1455 972 1510 1035 q.
1562 950 1782 1034 (hujus
1829 950 2260 1034 quaestionis)
2284 950 2327 1018 ².

557 1048 763 1113 Porro
825 1069 1022 1129 quum
1070 1047 1279 1114 citant
1338 1048 1620 1129 aliquem
1666 1050 1881 1113 locum
1940 1049 2007 1112 in
2063 1049 2382 1132 superiori
2428 1047 2798 1130 (anteriori)
2843 1050 3037 1130 parte

381 1146 647 1211 Decreti
676 1146 983 1230 positum,
1030 1150 1189 1211 tunc
1221 1145 1517 1211 citationi
1550 1146 1916 1230 adjungunt
1945 1147 2042 1212 lit.
2077 1169 2125 1213 8.
2161 1146 2451 1230 (supra);
2501 1147 2783 1211 citantes
2816 1148 3040 1210 autem

380 1244 596 1308 locum
656 1243 937 1326 aliquem
962 1294 976 1321 ,
1046 1243 1114 1307 in
1173 1243 1468 1308 inferiori
1528 1242 1930 1327 (posteriori)
1989 1248 2180 1328 parte
2238 1244 2503 1310 Decreti
2565 1246 3037 1320 occurrentem,

382 1342 715 1426 adponunt
763 1342 1059 1407 citationi
1105 1341 1202 1408 lit.
1238 1345 1294 1426 j.
1346 1340 1573 1423 (infra)
1597 1339 1641 1407 ³.

559 1441 832 1524 Insuper
880 1440 1035 1506 dicti
1080 1440 1478 1523 interpretes
1524 1440 1793 1505 Decreti
1837 1441 2012 1506 haud
2057 1461 2209 1505 raro
2257 1461 2572 1505 canonem
2590 1490 2604 1518 ‚
2668 1437 3038 1504 distinctio-

380 1558 550 1615 nem,
593 1559 860 1603 causam
890 1539 999 1603 vel
1031 1538 1479 1620 quaestionem
1524 1538 1824 1621 proxime
1856 1542 2237 1619 sequentem
2285 1538 2495 1603 citant
2524 1538 2720 1603 litera
2737 1540 2817 1622 j.,
2867 1556 3038 1618 quae

383 1637 557 1718 apud
603 1636 907 1717 antiquos
966 1636 1142 1701 inter
1200 1640 1465 1701 caetera
1522 1636 1722 1701 etiam
1768 1655 2108 1701 numerum
2156 1640 2193 1701 1
2244 1636 2570 1717 significat
2589 1686 2602 1712 ,
2665 1639 2733 1700 et
2777 1634 2928 1699 hinc
2974 1634 3044 1698 in

379 1733 747 1815 hujusmodi
795 1738 1109 1799 contextu
1156 1754 1470 1798 canonem
1490 1784 1503 1811 ,
1564 1734 2068 1812 distinctionem,
2119 1755 2384 1798 causam
2428 1734 2536 1798 vel
2585 1733 3040 1814 quaestionem

370 1835 668 1915 promime
714 1840 1064 1916 seque-ntem
1112 1833 1383 1897 denotat
1406 1830 1454 1898 ⁴.
1504 1918 1507 1920 ‚
2507 1830 2514 1837 ’
2666 1835 2670 1838 ’

1246 2095 1569 2182 CAPUT
1623 2095 2173 2184 SECUNDUM.

500 2285 768 2357 Auctor
819 2284 1031 2380 hujus
1087 2285 1317 2380 operis
1364 2292 1577 2379 atque
1632 2283 1786 2378 ejus
1840 2282 2228 2356 adornandi
2282 2306 2456 2356 ansa
2509 2292 2577 2357 et
2629 2284 2902 2383 modus.

1178 2490 1216 2575 ξ
1263 2489 1323 2557 8.
1415 2491 1666 2557 Auctor
1711 2491 1907 2577 hujus
1956 2491 2171 2577 operis
2198 2488 2244 2556 ⁵.

560 2657 810 2723 Auctor
854 2658 1046 2741 hujus
1093 2658 1309 2744 operis
1354 2659 1481 2726 fuit
1530 2660 1910 2744 Gratianus„
1958 2660 2223 2726 natione
2254 2660 2480 2738 ItaluS‚
2531 2658 2791 2725 Ordinis
2823 2660 3041 2725 Bene-

382 2756 771 2821 dictinorum
818 2756 944 2834 vel,
995 2760 1069 2822 ut
1115 2758 1406 2822 nonnulli
1453 2757 1805 2841 opinantur
1822 2809 1836 2836 ,
1886 2758 2472 2823 Camaldulensium
2494 2755 2518 2795 ⁶
2564 2758 2920 2823 monachus
2969 2763 3041 2824 et

376 2854 445 2918 in
506 2854 729 2918 schola
787 2855 1167 2919 monasterii
1231 2855 1339 2920 SS.
1403 2855 1637 2919 Felicis
1699 2859 1768 2922 et
1824 2855 2111 2921 Naboris
2140 2854 2162 2892 ⁷
2221 2855 2555 2920 Bononiae
2615 2855 3037 2936 Theologiae,

359 2951 483 3016 cui
529 2954 686 3016 tunc
733 2952 933 3017 etiam
973 2953 1081 3035 jus
1129 2952 1511 3017 canonicum
1559 2954 1976 3035 conjunctum
2023 2956 2091 3018 et
2151 2953 2335 3035 quasi
2396 2953 2821 3018 commixtum
2869 2956 3036 3031 erat,

378 3051 586 3114 lector
633 3070 749 3114 seu
796 3050 1132 3131 magister,
1183 3050 1292 3132 qui
1337 3050 1510 3115 circa
1554 3050 1839 3132 medium
1885 3072 2054 3116 saec.
2088 3050 2232 3117 XII.
2274 3049 2514 3116 floruit.
2577 3050 2796 3116 Natus
2833 3052 3039 3116 Clusii

380 3145 654 3229 (Chiusi)
685 3147 753 3211 in
773 3147 1012 3212 Tuscia
1043 3147 1247 3212 fuisse
1280 3147 1547 3223 dicitur;
1597 3148 1829 3230 quibus
1868 3153 2092 3214 tamen
2122 3148 2522 3230 parentibUS,
2554 3148 2878 3213 incertum
2910 3152 3035 3215 est.

378 3246 548 3310 Eum
580 3244 783 3310 fuisse
804 3246 981 3309 Petra·
1004 3247 1393 3328 ComestoriS,
1415 3246 1888 3311 Universitatis
1912 3246 2299 3311 Parisiensis
2324 3245 2694 3311 cancellarii
2718 3244 2790 3327 (†
2814 3247 3036 3328 1187),

381 3347 449 3409 et
495 3345 674 3408 Petri
718 3344 1105 3427 Lombardi,
1161 3343 1547 3408 Parisiensis
1595 3344 1879 3427 episcopi
1926 3343 1998 3425 (†
2049 3345 2279 3426 1164),
2342 3343 2649 3430 fratrem,
2712 3343 2880 3408 falso
2930 3365 3039 3408 as·-

560 3580 579 3614 ¹
618 3577 736 3643 Qua
771 3577 980 3631 ratione
998 3620 1009 3641 ,
1061 3578 1308 3631 volentes
1344 3596 1399 3631 v.
1438 3595 1490 3644 g.
1531 3578 1787 3646 probare,
1838 3577 2254 3641 matrimonium,
2293 3594 2325 3630 a
2363 3576 2558 3630 clerico
2595 3577 2860 3647 majorum
2897 3577 3039 3630 ordi-

379 3677 510 3713 num
528 3701 540 3722 ,
591 3658 682 3711 vel
721 3675 754 3710 a
789 3657 1045 3725 religioso
1082 3657 1394 3711 solemniter
1432 3659 1676 3726 professo
1715 3660 2054 3710 contractum
2070 3699 2082 3719 ,
2122 3674 2242 3709 esse
2278 3674 2384 3709 non
2421 3657 2595 3710 solum
2630 3656 2901 3720 illicitum,
2940 3658 3038 3711 sed

380 3739 545 3793 etiam
582 3736 901 3801 invalidum,
940 3742 997 3791 et
1031 3738 1281 3791 volentes
1318 3738 1387 3791 ad
1425 3737 1569 3791 hunc
1606 3738 1769 3790 finem
1808 3737 1977 3790 citare
2016 3755 2060 3789 c.
2089 3737 2138 3790 8.
2177 3736 2241 3789 D.
2278 3736 2521 3799 XXVII„
2559 3737 2733 3790 citant
2767 3736 2878 3790 sic:
2917 3754 3037 3804 ary.

380 3837 497 3888 cap.
536 3817 898 3887 PresbyteriS.
939 3819 987 3871 d.
1026 3818 1251 3872 XXVII.
1317 3818 1426 3871 Cfr.
1465 3835 1511 3872 c.
1550 3819 1636 3871 40.
1679 3818 1736 3871 C.
1774 3817 1997 3869 XXVII.
2039 3833 2126 3884 qu.
2169 3817 2233 3880 1.‚
2270 3815 2326 3869 in
2363 3833 2468 3883 quo
2505 3815 2813 3885 hujusmodi
2849 3816 3039 3869 matri·

378 3898 616 3953 monium
654 3915 911 3967 expresse
951 3898 1148 3952 dicitur
1183 3898 1408 3951 nullum.

560 3979 583 4044 ²,
616 3978 683 4031 V.
723 3995 776 4045 g.
815 3977 1238 4049 interpretantes
1275 3979 1340 4032 D.
1380 3978 1577 4032 XXVI.
1620 3980 1676 4030 et
1711 3977 1962 4030 volentes
1999 3975 2168 4028 citare
2206 3993 2250 4028 c.
2290 3975 2339 4028 3.
2379 3975 2512 4037 ead„
2550 3974 2724 4028 citant
2760 3975 2870 4029 sic:
2909 3975 3039 4030 vide

378 4059 468 4114 vel
510 4059 695 4112 confer
736 4059 884 4124 (cfr.)
927 4077 973 4112 c.
1012 4060 1061 4112 3.
1100 4060 1153 4112 h.
1194 4059 1243 4111 d.

558 4138 579 4172 ³
617 4139 684 4192 V.
723 4154 775 4205 g.
814 4138 1236 4209 interpretantes
1273 4139 1337 4192 D.
1378 4139 1472 4192 III.
1527 4142 1583 4190 et
1627 4137 1878 4190 volentes
1928 4135 2096 4189 citare
2147 4152 2192 4188 c.
2235 4135 2280 4186 1.
2333 4133 2398 4186 D.
2436 4134 2495 4198 I.‚
2533 4133 2708 4187 citant
2743 4133 2852 4189 sic:
2910 4135 3041 4189 vide

377 4236 420 4273 s.
475 4219 524 4272 d.
576 4218 617 4271 I.
670 4217 872 4271 Omnes
922 4219 1090 4286 leges.
1164 4218 1402 4273 Econtra
1451 4218 1701 4271 volentes
1753 4215 1922 4269 citare
1975 4233 2018 4267 c.
2076 4214 2122 4266 1.
2175 4212 2239 4265 D.
2291 4213 2470 4276 VIII.,
2521 4213 2599 4266 ita
2628 4212 2852 4267 citant:
2911 4215 3042 4269 vide

373 4300 413 4369 j.
454 4298 503 4351 d.
543 4297 690 4352 VIII.
746 4297 860 4362 Quo
893 4298 1031 4368 jure.

555 4379 582 4414 4
617 4378 682 4431 V.
722 4394 775 4445 g.
815 4383 1148 4448 exponentes
1184 4379 1248 4432 D.
1287 4377 1486 4431 XXVI.
1541 4379 1598 4430 et
1637 4375 1884 4428 volentes
1929 4373 2098 4427 citare
2135 4389 2181 4426 c.
2221 4372 2269 4425 8.
2322 4372 2385 4425 Ι).
2426 4372 2667 4437 XXVII„
2714 4374 2892 4428 citant
2930 4375 3043 4431 sic:

378 4460 494 4511 vide
530 4460 577 4524 j.
617 4475 731 4526 cap.
773 4460 1101 4527 Presbyter-is
1150 4461 1201 4512 d.
1228 4462 1276 4525 j.
1296 4497 1314 4527 ,
1357 4457 1392 4510 i.
1433 4474 1479 4509 e.
1518 4455 1645 4508 vide
1683 4454 1826 4506 infra
1864 4470 1980 4522 cap.
2021 4453 2349 4519 Presbyter-is
2397 4451 2760 4507 distinctionis
2812 4455 3044 4525 primae,

378 4537 637 4591 videlicet
669 4537 980 4592 immediate
1018 4538 1313 4607 sequentiS,
1353 4536 1386 4590 i.
1427 4554 1473 4589 e.
1511 4536 1576 4588 D.
1616 4534 1842 4587 XXVII.

562 4621 581 4654 ⁵
619 4619 774 4671 Sarti
810 4619 844 4672 l.
887 4635 932 4672 c.
971 4622 1099 4672 tom.
1140 4619 1180 4671 I.
1219 4619 1358 4687 part.
1403 4616 1448 4668 1.
1488 4633 1539 4684 p.
1581 4615 1686 4667 259
1725 4631 1845 4682 sqq.

558 4701 581 4736 ὅ
620 4701 774 4752 Sarti
807 4700 842 4753 1.
884 4717 929 4753 c.
966 4702 1096 4752 tom.
1136 4698 1177 4751 I.
1216 4699 1357 4767 part.
1399 4697 1445 4749 1.
1485 4714 1536 4764 p.
1576 4695 1699 4747 261.
1740 4693 1772 4758 ξ
1811 4696 1859 4745 6.

558 4783 576 4815 '¹
616 4779 851 4845 Quorum
891 4780 1211 4833 Sanctorum
1248 4775 1565 4830 memoriam
1604 4772 1800 4827 recolit
1835 4771 2084 4825 Ecclesia
2122 4771 2207 4825 die
2248 4771 2329 4824 12.
2370 4771 2518 4824 Julii.
