3355 5328
1318 325 1495 395 Caput
1530 325 1649 379 VH.
1704 324 1737 393 ἕ
1774 326 1861 381 50.
2847 325 2918 381 83

279 489 501 563 essent,
527 486 755 551 valore
778 485 976 567 legali
1000 506 1131 551 non
1148 486 1441 568 gaudent
1460 483 1502 551 ¹.
1551 485 1872 551 Attamen
1895 485 2125 551 eadem
2145 485 2347 552 effata
2363 489 2637 569 propter
2654 506 2919 552 suorum

280 586 603 649 auctorum
646 581 971 665 insignem
1018 583 1451 649 eruditionem
1496 587 1697 665 atque
1728 582 2065 666 pietatem,
2115 603 2245 665 qua
2289 583 2581 662 animati,
2630 585 2712 649 ab
2744 584 2920 649 omni

277 680 524 747 sinistro
562 680 823 758 affectu,
866 684 1153 748 mentem
1193 682 1585 747 obscurante
1631 684 1701 747 et
1739 700 2030 746 amorem
2075 679 2380 748 veritatis
2423 681 2848 748 imminuente
2872 678 2919 759 ²,

277 777 582 842 immunes
614 781 806 844 erant
838 782 907 844 et
937 779 1411 857 tantummode,
1445 779 1617 861 quod
1647 799 1878 844 verum
1919 782 1989 844 et
2013 779 2263 862 justum
2294 782 2460 857 erat,
2494 780 2917 861 quaerebant,

280 874 587 957 insignem
630 875 928 941 valorem
976 876 1405 943 doctrinalem
1449 877 1699 943 habent
1715 926 1729 955 ,
1788 875 1886 942 ita
1931 880 2023 955 ut,
2073 876 2183 941 ubi
2227 875 2515 960 positiva
2559 877 2670 942 lex
2716 878 2918 942 eccle-

277 972 530 1039 siastica
575 993 707 1038 non
753 973 962 1051 adest,
1010 977 1157 1041 tuto
1204 995 1473 1040 normae
1504 974 1718 1040 instar
1764 973 2095 1058 acceptari
2126 977 2195 1041 et
2227 974 2566 1040 observari
2595 975 2851 1059 possint
2871 974 2916 1041 ⁸.

441 1073 500 1137 4.
563 1071 734 1137 Item
796 1072 1012 1138 relata
1055 1071 1124 1138 in
1168 1073 1451 1138 Decreto
1501 1070 1801 1138 Gratiani
1842 1072 2211 1158 fragmenta
2259 1074 2439 1157 juris
2485 1075 2686 1138 civilis
2700 1124 2718 1155 ,
2779 1072 2920 1138 sive

275 1168 535 1246 romani,
585 1168 727 1234 sive
772 1169 1151 1251 germanici,
1198 1169 1267 1235 in
1313 1190 1385 1235 se
1431 1173 1500 1236 et
1544 1190 1664 1253 per
1709 1190 1802 1247 se,
1852 1170 2024 1251 quod
2070 1169 2156 1235 ad
2190 1189 2300 1235 res
2347 1173 2416 1235 et
2462 1189 2695 1235 causas
2740 1190 2920 1235 mere

273 1266 745 1332 ecclesiasticas
789 1267 1098 1351 pertinet,
1146 1268 1395 1332 nullum
1440 1268 1735 1333 valorem
1767 1268 2051 1349 legalem
2089 1267 2333 1333 habere
2380 1266 2653 1333 dicenda
2698 1271 2853 1334 sunt
2872 1268 2917 1334 ⁴.

438 1364 621 1429 Idem
638 1413 654 1442 ,
717 1364 889 1446 quod
948 1365 1029 1430 de
1090 1364 1595 1431 auctoritatibus
1612 1414 1628 1443 ,
1691 1385 1733 1430 a
1794 1366 2112 1431 Gratiano
2158 1364 2225 1429 in
2270 1365 2625 1431 Decretum
2670 1363 2919 1444 relatiS,

271 1461 508 1529 dictum
557 1465 680 1539 est,
730 1463 912 1529 valet

438 1559 505 1626 C.
560 1558 760 1626 etiam
808 1560 887 1625 de
933 1561 1169 1645 PaleiS,
1218 1564 1288 1627 et
1335 1560 1596 1643 quidem
1640 1560 1809 1640 ide0,
1859 1560 2012 1643 quia
2056 1561 2245 1626 valor
2291 1560 2760 1626 auctoritatum
2778 1611 2793 1637 ,
2854 1560 2924 1625 in

272 1658 546 1724 Decreto
611 1657 1259 1741 comprehensarum,
1321 1680 1455 1724 non
1497 1679 1539 1724 a
1587 1658 1931 1737 Gratian0,
1995 1659 2111 1724 sed
2157 1658 2241 1723 ab
2302 1679 2529 1724 earum
2588 1657 2921 1742 primitivo

273 1756 440 1837 fonte
484 1756 883 1839 repetendus
931 1760 1104 1823 est.
1059 1754 1086 1794 ⁵

438 1853 778 1932 Attamen,
828 1874 1026 1936 quum
1072 1853 1255 1938 Papa
1287 1855 1634 1939 Greyorius
1668 1855 1789 1920 IX.
1825 1852 2325 1937 (1227-1241)
2372 1874 2493 1919 sua
2539 1854 2923 1920 collectione

271 1950 713 2030 decretalium,
763 1951 868 2017 die
916 1953 975 2018 5.
1029 1951 1431 2036 Septembris
1484 1954 1654 2018 1234
1701 1952 2052 2062 publicata,
2110 1973 2336 2017 omnes
2381 1951 2633 2036 priores
2680 1952 2923 2018 consti-

269 2050 553 2115 tutiones
601 2049 1083 2116 ecclesiasticas
1129 2050 1213 2116 ad
1259 2049 1626 2116 Ecclesiam
1672 2048 2049 2115 universam
2095 2053 2474 2134 spectantes
2528 2070 2645 2115 seu
2691 2051 2776 2115 ad
2815 2051 2924 2133 jus

269 2146 782 2214 ecclesiasticum
841 2148 1152 2230 generale
1211 2148 1321 2212 vel
1380 2168 1721 2213 commune
1767 2147 2174 2231 pertinentes
2195 2146 2239 2227 ὃ,
2307 2168 2475 2230 quae
2521 2168 2642 2213 nec
2687 2147 2755 2212 in
2800 2149 2924 2213 hac

268 2245 648 2315 collectione
665 2294 681 2324 ,
729 2265 851 2311 nec
895 2246 963 2310 in
1009 2247 1294 2312 Decreto
1343 2244 1643 2312 Gratiani
1691 2246 2201 2329 comprehensae
2247 2249 2438 2312 erant
2455 2295 2469 2324 ,
2533 2265 2759 2310 earum
2805 2267 2923 2311 va-

267 2342 400 2409 lore
444 2342 711 2428 penitus
756 2343 1124 2427 privaverit
1169 2364 1285 2409 seu
1333 2364 1447 2409 eas
1494 2342 1919 2426 abrogaverit
1946 2342 1989 2422 ⁷,
2036 2341 2188 2408 hinc
2217 2344 2401 2409 valet
2440 2343 2600 2409 illud
2629 2346 2922 2409 tantum-

267 2441 454 2507 modo
519 2441 601 2506 de
661 2443 791 2507 illis
855 2440 1357 2507 constitutiones
1422 2440 1904 2506 ecclesiasticas
1968 2439 2375 2506 universales
2440 2439 2924 2507 continentibus

265 2537 497 2617 Paleis,
550 2558 719 2620 quae
767 2542 947 2607 certe
978 2543 1135 2606 tunc
1166 2538 1234 2604 in
1264 2539 1548 2605 Decreto
1583 2538 1882 2605 Gratiani
1915 2538 2205 2604 insertae
2252 2542 2462 2617 erant,
2513 2559 2710 2620 quum
2742 2537 2926 2621 Papa

265 2636 617 2723 Greqorius
664 2635 785 2703 IX.
852 2635 1095 2704 dictam
1156 2635 1605 2704 collectionem
1667 2636 2094 2703 decretalium
2155 2635 2522 2722 publicaret
2538 2686 2554 2716 ,
2620 2635 2926 2703 nimirum

267 2733 367 2800 die
415 2738 477 2802 5.
516 2735 920 2818 Septembris
974 2738 1163 2814 1234,
1212 2756 1626 2818 nequaquam
1673 2739 1904 2829 autem·
1943 2735 2024 2801 de
2069 2735 2198 2801 illis
2245 2735 2482 2814 Paleis,
2532 2756 2700 2818 quae
2748 2735 2922 2801 forte

264 2833 475 2899 serius
527 2833 788 2898 demum
834 2834 1118 2900 Decreto
1167 2833 1509 2918 appositae
1554 2837 1727 2899 sunt.

441 2931 758 2997 Praefato
828 2932 1145 3015 temporis
1213 2936 1545 2998 momento
1615 2936 1839 2999 autem
1907 2931 1975 2996 in
2037 2932 2321 2998 Decreto
2383 2930 2682 2997 Gratiani
2748 2936 2927 2997 certe

266 3048 493 3095 omnes
539 3029 692 3094 illae
736 3029 980 3096 Paleae
1025 3029 1315 3096 adfuisse
1362 3029 1842 3096 existimandae
1887 3033 2060 3108 sunt,
2110 3049 2273 3112 quas
2313 3029 2600 3094 Joannes
2639 3030 2926 3095 Teutoni·

163 3161 167 3170 ·
262 3149 372 3193 cus
432 3148 556 3192 suo
617 3146 818 3210 supra
877 3126 942 3210 (ξ
991 3126 1127 3210 34.)
1174 3131 1539 3194 memorato
1609 3131 1936 3211 apparatu
1995 3127 2364 3209 glossarum
2414 3126 2683 3212 Decreti
2752 3148 2927 3193 com-

262 3225 501 3308 plexus
548 3223 801 3301 fuerat;
851 3225 1112 3290 illarum
1160 3225 1332 3290 enim
1380 3224 1851 3292 auctoritatum
1896 3225 2182 3303 Decreti,
2231 3245 2401 3308 quae
2446 3224 2516 3289 in
2562 3224 2683 3289 hoc
2730 3245 2926 3309 opere
3011 3247 3014 3250 ’

262 3323 779 3407 comprehensae
810 3329 1019 3402 erant,
1052 3329 1325 3407 propter
1354 3343 1664 3406 magnam
1695 3322 1887 3407 hujus
1920 3323 2137 3408 operis
2177 3321 2703 3388 aestimationem
2735 3343 2925 3388 nemo

264 3420 575 3504 deinceps
620 3420 823 3486 ullam
870 3442 906 3487 e
952 3422 1237 3487 Decreto
1288 3420 1582 3487 Gratiani
1632 3420 1971 3487 eliminare
2017 3441 2217 3486 ausus
2263 3418 2532 3487 fuerit.
2488 3417 2514 3456 ⁸

444 3520 526 3585 D.
572 3520 959 3585 Summariis
991 3540 1310 3585 canonum
1342 3519 1522 3598 item,
1557 3519 1654 3585 uti
1687 3518 1880 3585 dictis
1906 3517 2224 3596 Gratiani,
2258 3516 2514 3583 nonnisi
2547 3517 2927 3584 doctrinalis

261 3618 454 3684 valor
500 3617 887 3683 tribuendus
934 3621 1070 3696 est,
1121 3638 1321 3699 quum
1368 3617 1484 3682 illa
1531 3616 1793 3682 omnino
1840 3637 1882 3681 a
1927 3615 2087 3681 viris
2135 3615 2408 3683 eruditis
2453 3615 2765 3699 privatiS,
2828 3616 2927 3682 ni-

261 3715 504 3781 mirum
554 3714 890 3794 GratianO,
939 3714 1353 3800 Paucapalea
1399 3719 1467 3781 et
1514 3714 1679 3794 aliis,
1729 3714 2192 3799 proveniant.
2147 3712 2173 3753 ⁹

448 3849 470 3882 ²
508 3845 617 3900 Cfr.
656 3845 798 3900 Dict.
838 3844 990 3900 Grat.
1030 3846 1147 3899 init.
1186 3846 1251 3899 D.
1290 3845 1409 3899 XX.
1594 3846 1614 3879 ²
1652 3846 1777 3916 Sap.
1820 3847 1867 3911 1,
1906 3846 2062 3900 3—5.

447 3928 470 3962 ³
509 3925 618 3979 Cfr.
674 3925 1000 3995 rescriptum
1036 3926 1220 3995 Papae
1256 3927 1456 3979 Leonis
1493 3928 1531 3979 I
1533 3928 1622 3995 V
1677 3944 1725 3980 a.
1766 3927 1873 3981 850
1924 3926 1992 3979 ad
2044 3924 2323 3995 episcopos
2360 3924 2674 3979 Britanniae
2725 3926 2928 3989 datum,

261 4007 407 4075 quod
446 4006 683 4060 refertur
718 4006 776 4060 in
811 4023 858 4059 c.
902 4007 947 4059 1.
987 4007 1050 4060 D.
1089 4006 1209 4060 XX.

445 4086 471 4120 ⁴
507 4084 655 4152 Dict,
688 4084 839 4139 Grat.
878 4085 995 4139 init.
1033 4085 1098 4139 D.
1135 4085 1203 4139 X.
1243 4088 1299 4139 et
1335 4103 1380 4140 c.
1424 4086 1470 4139 1.
1509 4087 1655 4139 ead:
1642 4127 1655 4149 ,
1695 4087 2054 4154 Reiffenstuel,
2093 4084 2128 4138 J
2130 4101 2212 4139 uS.
2252 4101 2438 4138 canon.
2477 4084 2644 4149 univ„
2683 4085 2925 4139 Prooem.

261 4185 312 4220 n.
353 4167 477 4229 78.;
534 4166 1007 4233 Schmalzqrueber
1024 4206 1040 4234 ,
1098 4165 1202 4219 Jus
1251 4165 1383 4220 eccl.
1436 4165 1584 4219 univ.
1609 4207 1622 4230 ,
1674 4165 1919 4219 Prooem.
1957 4183 2009 4218 n.
2048 4163 2201 4227 265.;
2262 4165 2490 4217 Ponsius
2508 4205 2524 4233 ,
2563 4163 2666 4218 Jus
2716 4166 2926 4218 canoni-

260 4264 389 4301 cum
428 4248 568 4310 etc„
616 4248 746 4298 tom.
786 4245 827 4298 I.
864 4263 917 4315 p.
961 4245 1078 4299 172.
1118 4262 1269 4314 sqq.;
1309 4264 1359 4315 p.
1403 4245 1522 4300 197.
1563 4262 1685 4314 sqq.

449 4329 473 4362 ⁵
511 4326 739 4394 Schiche,
776 4324 878 4379 Die
914 4325 1089 4379 Lehre
1126 4342 1234 4379 von
1271 4326 1374 4379 den
1412 4324 1654 4390 Quellen,
1694 4343 1744 4394 p.
1784 4325 1906 4379 331.
2088 4325 2110 4361 ⁶
2147 4323 2257 4378 cfr.
2296 4340 2461 4392 supra
2498 4323 2531 4389 ἕ
2568 4323 2618 4377 2.

453 4409 474 4441 '¹
515 4404 625 4459 cfr.
662 4404 807 4459 infra
845 4409 984 4475 part.
1023 4405 1090 4459 II.
1130 4408 1263 4459 sect.
1302 4405 1352 4459 2.
1393 4422 1509 4475 cap.
1548 4406 1602 4459 4.
1642 4404 1674 4473 ἓ
1714 4405 1798 4459 81.

450 4486 473 4520 ⁸
513 4486 739 4554 Schulte,
766 4484 867 4539 Die
893 4485 1088 4540 Glosse
1113 4502 1237 4539 zum
1261 4485 1461 4539 Decret
1485 4484 1761 4550 GratianS,
1787 4484 1843 4538 in
1868 4484 1984 4539 citt.
2012 4484 2223 4554 scriptt.
2250 4482 2605 4537 memorabill.
2631 4486 2760 4538 tom.
2783 4484 2926 4538 XXI.

258 4570 404 4636 part.
447 4565 500 4619 2.
540 4583 590 4634 p.
630 4566 715 4619 74.
753 4568 811 4619 et
845 4583 897 4635 p.
938 4567 1022 4620 75.
1070 4568 1180 4619 not.
1224 4567 1269 4619 1.
1308 4565 1389 4628 2.;
1443 4567 1618 4634 Idem,
1655 4564 1758 4619 Die
1795 4564 1995 4619 Paleae
2031 4564 2107 4619 im
2143 4565 2342 4618 Decret
2379 4561 2665 4628 Gratians,
2716 4564 2772 4617 in
2810 4564 2926 4619 citt.

258 4647 455 4700 relatt.
496 4662 630 4699 sess.
669 4647 799 4699 tom.
839 4645 1138 4699 LXXVIII.
1176 4664 1228 4716 p.
1269 4646 1390 4701 305.
1431 4649 1487 4699 et
1524 4646 1644 4700 309.

450 4725 475 4760 ⁹
512 4726 751 4794 Sclmlte,
790 4724 889 4778 Die
928 4724 1254 4780 Geschichte
1292 4727 1388 4780 der
1424 4724 1674 4791 Quellen,
1715 4728 1844 4779 tom.
1884 4726 1923 4779 Ι.
1962 4743 2014 4795 p.
2054 4725 2170 4788 53.;
2225 4724 2481 4792 Phiuips,
2520 4724 2928 4790 Kirchenrecht,

257 4811 393 4861 tom.
436 4805 551 4870 IV„
588 4823 641 4875 p.
677 4806 801 4860 424.

2430 4890 2466 4947 6
2483 4887 2518 4923 ο
