3355 5328
1361 378 1539 435 Sectio
1575 380 1644 434 ΙΙ.
1702 379 1735 446 ἓ
1771 381 1858 436 83.
2833 380 2942 435 149

282 538 605 604 Notabilia
652 537 1080 623 (Notationes)
1113 542 1154 625 ¹,
1220 541 1423 606 Casus
1446 534 1491 623 ²,
1556 540 1962 624 Mamm-itae
1975 590 1994 622 ,
2055 540 2368 605 Lecturae
2426 538 2939 620 (commentarii)

283 639 355 703 et
397 636 588 720 plura
635 636 766 705 alia
809 637 1004 722 hujus
1050 637 1311 720 generis
1350 650 1572 722 ‘opera
1593 633 1636 704 ³.

377 836 417 922 ξ
466 835 567 905 83.
658 837 986 907 Glossatio
1032 839 1231 926 hujus
1280 835 1687 906 collectionis
1736 834 2190 920 decretalium,
2237 837 2383 924 eJus
2429 837 2837 924 glossatores

1240 945 1307 1012 et
1355 944 1583 1031 glossa
1628 941 1991 1010 ordinaria.

450 1112 677 1179 Etiam
723 1114 1021 1195 glossata
1065 1114 1228 1178 haec
1277 1111 1703 1178 decretalium
1752 1111 2048 1178 collectio
2095 1113 2180 1177 ad
2224 1112 2436 1180 instar
2478 1115 2732 1181 Decreti
2764 1117 2930 1181 θνα-

269 1213 437 1276 tiani
484 1214 553 1277 et
602 1211 1129 1297 Compilationum
1177 1214 1592 1297 antiquarum
1639 1213 1761 1276 est.
1856 1210 2039 1276 Inter
2085 1211 2268 1295 cujus
2322 1212 2727 1294 glossatores
2771 1234 2932 1298 prae

270 1308 508 1374 ceteris
554 1309 961 1374 memorandi
1007 1312 1161 1374 sunt

452 1416 508 1479 1.
571 1415 938 1480 Vincentius
996 1412 1330 1498 Hispanus
1349 1463 1363 1491 ‚
1430 1412 1603 1478 idem
1622 1463 1636 1492 ,
1692 1412 1816 1496 'qui
1873 1416 2012 1479 tres
2075 1412 2328 1497 priores
2388 1413 2928 1498 Compilationum

265 1511 687 1594 antiquarum
732 1511 1055 1594 glossavit
1078 1509 1122 1577 ⁴.

446 1621 506 1684 2.
560 1618 904 1702 Goffiredus
951 1620 1031 1683 de
1083 1619 1318 1701 TranO,
1367 1618 1436 1682 in
1483 1617 1720 1702 oppido
1767 1617 1986 1684 Trano
2020 1617 2275 1700 (Trani)
2321 1618 2389 1683 in
2424 1617 2664 1702 Apulia
2711 1623 2908 1686 natus

258 1715 424 1799 juris
472 1715 768 1782 canonici
812 1716 880 1780 in
910 1715 1308 1782 Bononiensi
1338 1715 1795 1783 Universitate
1827 1716 2180 1801 professor,
2227 1717 2450 1801 Papae
2483 1717 2781 1799 Gregorii
2812 1718 2923 1784 IX.

261 1813 640 1898 capellanus
658 1864 673 1892 ‚
736 1835 795 1880 a.
851 1816 1020 1879 1245
1083 1813 1446 1880 Cardinalis
1507 1813 1819 1879 diaconus
1877 1813 1981 1880 tit.
2043 1814 2104 1879 S.
2154 1814 2475 1880 Hadriani
2536 1820 2797 1881 creatus
2857 1819 2927 1882 et

260 1911 496 1977 eodem
543 1932 714 1977 anno
762 1915 1059 1978 mortuus
1087 1911 1131 1977 5.

282 2058 285 2061 >
442 2021 502 2084 3.
555 2020 942 2104 Bonaqnida
975 2020 1298 2100 AretinuS,
1347 2017 1561 2083 Aretii
1606 2018 1909 2101 (Arezzo)
1947 2019 2015 2083 in
2059 2018 2297 2084 Tuscia
2335 2022 2551 2098 natus,
2601 2020 2719 2084 sub
2751 2020 2923 2085 Pon-

255 2115 515 2182 tificatu
562 2116 915 2183 Innocentii
960 2118 1076 2183 IV.
1127 2115 1628 2199 (1243—1254)
1689 2117 1757 2181 in
1803 2116 1995 2182 Curia
2039 2117 2338 2182 Romana
2398 2118 2789 2196 advocatm,
2853 2122 2924 2184 et

255 2213 495 2279 deinde
534 2214 700 2297 juris
747 2214 1040 2280 canonici
1086 2214 1154 2279 in
1201 2214 1473 2304 civitate
1519 2214 1798 2281 Aretina
1843 2214 2178 2299 professor
2202 2213 2245 2280 ⁶.

441 2323 501 2387 4.
550 2321 937 2387 Ber-nardus
984 2323 1062 2387 de
1109 2323 1376 2403 Boione,
1438 2321 1657 2405 patria
1703 2321 2077 2387 Parmensis
2095 2371 2110 2400 ‚
2174 2325 2243 2388 et
2287 2320 2438 2386 hinc
2492 2322 2921 2389 communiter

255 2419 648 2484 Bernartius
692 2420 1066 2485 Parmensis
1114 2419 1240 2483 dici
1285 2419 1516 2484 solitus
1535 2469 1549 2497 ,
1606 2419 1774 2503 juris
1833 2418 2128 2485 canonici
2179 2418 2247 2484 in
2290 2418 2743 2485 Universitate
2787 2420 2920 2485 Bo-

256 2516 556 2582 noniensi
602 2517 937 2601 professor
983 2521 1050 2583 et
1097 2517 1287 2582 simul
1319 2517 1599 2601 Capituli
1647 2517 2044 2583 cathedralis
2073 2516 2503 2582 Bononiensis
2549 2516 2916 2595 canonicus,

257 2614 492 2681 deinde
542 2615 787 2681 Summi
832 2615 1167 2682 Pontificis
1214 2615 1588 2700 capellanus
1636 2613 1707 2697 (†
1744 2614 1942 2698 1263)
1971 2612 2013 2683 ⁷.
2096 2614 2218 2692 Qui
2261 2614 2529 2700 insuper
2574 2636 2611 2681 e
2656 2615 2913 2697 glossis,

252 2713 525 2780 lecturis
544 2763 558 2791 ‚
623 2713 902 2779 Summis
977 2717 1045 2780 et
1105 2713 1250 2779 aliis
1298 2713 1601 2798 operibus
1659 2713 2003 2780 litterariis
2021 2764 2035 2792 ‚
2098 2734 2265 2796 quae
2322 2717 2480 2780 tunc
2539 2736 2736 2798 super
2782 2716 2915 2781 col-

250 2811 536 2878 lectione
585 2810 990 2894 Gregoriana
1036 2815 1234 2894 atque
1281 2833 1479 2896 super
1509 2811 2086 2896 Compilationibus
2129 2811 2414 2894 antiquis
2453 2813 2592 2895 jam
2638 2814 2721 2878 ab
2768 2812 2915 2879 aliis

250 2912 536 2975 exarata
581 2913 789 2987 erant,
838 2913 1039 2993 atque
1071 2930 1107 2974 e
1140 2931 1259 2975 sua
1304 2931 1475 2993 penu
1522 2909 1607 2975 ad
1651 2909 1821 2975 hanc
1870 2910 2318 2975 collectionem
2355 2912 2750 2994 completum
2795 2933 2913 2996 ap-

246 3011 560 3090 paratum
607 3008 975 3089 glossarum
1022 3007 1371 3073 adornavit
1388 3058 1402 3086 ‚
1452 3006 1562 3090 qui
1606 3029 1762 3072 mox
1809 3008 1877 3072 in
1924 3029 2329 3073 communem
2374 3030 2563 3073 usum
2609 3008 2913 3076 inductus

246 3108 318 3171 et
372 3108 588 3191 ylossa
648 3104 1047 3171 collectionis
1096 3105 1541 3187 Gregorianae
1602 3107 1947 3171 ordinaria
2007 3107 2376 3190 appellatus
2437 3110 2557 3173 est.
2651 3107 2727 3171 In
2784 3129 2910 3190 quo

244 3205 579 3288 apparatu
624 3202 1002 3269 Bernardus
1050 3223 1147 3282 ea,
1198 3224 1365 3285 quae
1413 3223 1498 3268 ex
1545 3202 1692 3268 aliis
1739 3204 2112 3269 auctoribus
2158 3210 2624 3289 assumpserat,
2677 3226 2911 3271 eorun-

243 3300 397 3367 dem
445 3299 631 3383 siglis
676 3301 935 3369 notavit
959 3300 1006 3380 ⁸,
1056 3304 1125 3367 et
1170 3322 1337 3384 quae
1370 3322 1405 3366 e
1437 3322 1554 3367 suo
1602 3305 2020 3386 apposuerat,
2070 3323 2190 3368 sua
2225 3301 2428 3386 ipsius
2460 3302 2661 3385 sigla:
2710 3304 2905 3370 Bern.

243 3491 347 3546 Dio
387 3489 721 3546 Geschichte
758 3491 854 3545 der
891 3489 1146 3556 Quellen,
1197 3493 1327 3544 tom.
1366 3491 1434 3545 II.
1472 3509 1523 3561 p.
1563 3491 1684 3545 312.
1723 3490 1867 3560 sqq.)
1925 3490 2380 3557 distingueretur,
2430 3492 2611 3544 Abbas
2653 3495 2910 3561 antiquus

238 3572 368 3637 diei,
410 3572 539 3625 dum
577 3570 670 3624 ille
706 3573 888 3625 Abbas
924 3573 1211 3625 modernus
1246 3571 1337 3624 vel
1374 3588 1540 3624 novus
1576 3570 1840 3641 appellari
1879 3570 2179 3624 consuevit.
2250 3570 2486 3638 (Schuzte
2519 3570 2557 3624 l.
2599 3588 2643 3624 c.
2681 3574 2810 3626 tom.
2836 3573 2904 3628 H.

242 3651 1072 3721 p.130.;1dem‚Beitruge
1134 3669 1229 3703 zur
1282 3651 1558 3705 Literatur
1617 3652 1752 3752 iiber
1813 3649 1899 3705 die
1960 3650 2283 3705 Decretalen
2344 3649 2582 3718 Gregors
2633 3651 2727 3706 IX.
2785 3655 2907 3717 etc„

238 3731 275 3787 l.
315 3750 363 3787 c.
405 3750 459 3802 p.
501 3733 585 3785 97.
623 3730 729 3799 sq.)

426 3816 443 3849 ¹
484 3811 617 3865 Tale
652 3829 788 3882 opus
827 3810 1116 3865 exhibetur
1153 3811 1211 3864 in
1249 3811 1432 3865 codice
1468 3828 1569 3865 ms.
1607 3811 1704 3865 lat.
1749 3827 1892 3864 saec.
1930 3809 2076 3864 XIV.
2115 3828 2168 3863 n.
2207 3810 2365 3864 2173.
2404 3827 2449 3864 c.
2487 3828 2531 3865 r.
2570 3810 2698 3865 bibl.
2737 3812 2904 3883 palat.

236 3892 478 3948 vindob.
548 3890 799 3961 (Schulte,
836 3890 1093 3959 Beitrage
1130 3910 1227 3945 zur
1250 3890 1526 3945 Literatur
1562 3891 1697 3944 iiber
1734 3890 1819 3944 die
1856 3889 2180 3944 Decretalen
2219 3890 2458 3957 Gregors
2493 3890 2587 3945 IX.
2627 3895 2749 3956 etc„
2785 3892 2822 3948 l.
2856 3911 2904 3948 e.

235 3991 288 4043 p.
332 3973 458 4027 115.
498 3970 639 4040 sq.;)
689 3989 847 4041 porro
903 3970 1033 4040 (una
1084 3989 1208 4026 cum
1249 3973 1499 4040 Casibus,
1549 3970 1740 4024 statim
1776 3969 2159 4038 memorandis)
2200 3970 2259 4023 in
2294 3969 2422 4025 bibl.
2460 3987 2575 4038 reg.
2613 3971 2902 4055 Bamberg.

231 4052 427 4108 codice
464 4069 565 4105 ms.
605 4068 746 4105 saec.
784 4051 930 4106 XIV.
976 4050 1060 4120 (P.
1100 4052 1166 4105 II.
1211 4051 1340 4119 18.‚)
1379 4051 1461 4105 uti
1497 4051 1667 4104 refert
1706 4050 1989 4104 Schultel.
2030 4068 2075 4104 c.
2114 4068 2166 4120 p.
2209 4051 2327 4104 112.
2365 4067 2486 4119 sqq.

422 4130 443 4166 ²
484 4130 797 4201 Cujusmodi
832 4148 968 4202 opus
1003 4149 1112 4185 una
1149 4150 1272 4185 cum
1299 4132 1655 4200 Notabilibus,
1693 4131 1851 4184 modo
1886 4129 2218 4196 memoratis,
2258 4130 2585 4186 exhibetur
2568 4150 2626 4184 m
2656 4133 2901 4202 praefato

232 4212 376 4281 (not.
424 4211 495 4281 1.)
538 4210 721 4266 codice
757 4228 857 4265 ms.
896 4210 1025 4265 bibl.
1063 4227 1177 4278 reg.
1216 4211 1504 4277 Bamberg.
1549 4209 1787 4279 (Schulte
1822 4209 1859 4263 l.
1899 4227 1944 4263 c.
1983 4227 2034 4280 p.
2078 4210 2195 4263 112.
2234 4208 2399 4279 sqq.).

420 4294 444 4328 ³
483 4292 711 4361 Schulte,
746 4290 849 4344 Die
887 4290 1215 4345 Geschichte
1254 4291 1348 4344 der
1386 4289 1628 4355 Quellen,
1665 4292 1795 4343 tom.
1834 4289 1903 4343 II.
1941 4308 1993 4359 p.
2031 4290 2155 4344 492.
2194 4307 2313 4359 sqq.

414 4371 443 4408 ⁴
480 4372 694 4425 Schultc
727 4371 764 4424 1.
803 4389 850 4425 c.
887 4374 1016 4424 tom.
1055 4371 1124 4424 H.
1162 4389 1214 4442 p.
1252 4371 1393 4434 495„
1433 4370 1554 4424 coll.
1590 4373 1721 4423 tom.
1761 4370 1803 4423 I.
1841 4387 1893 4439 p.
1935 4369 2056 4423 191.
2094 4386 2213 4438 sqq.

420 4454 442 4487 ⁵
480 4453 693 4505 Schulte
726 4450 764 4505 l.
804 4469 850 4506 c.
886 4454 1017 4504 tom.
1055 4450 1124 4503 II.
1163 4468 1213 4520 p.
1253 4451 1338 4505 88.
1378 4467 1459 4518 sq.
1642 4450 1664 4485 ὃ
1704 4450 1921 4503 Schulte
1954 4450 1992 4503 l.
2031 4467 2076 4503 c.
2115 4467 2166 4519 p.
2210 4449 2326 4504 110.
2366 4466 2486 4518 sqq.

419 4533 440 4567 '¹
480 4532 690 4585 Schulte
709 4530 761 4585 .l.
801 4548 847 4584 c.
885 4548 937 4600 p.
979 4531 1097 4584 114.
1171 4530 1464 4584 Praeterea
1501 4529 1667 4583 etiam
1710 4530 1934 4582 Gabriel
1973 4530 2327 4598 Gapadilista‚
2366 4527 2546 4599 patria
2575 4528 2898 4597 Patavinus,

225 4614 531 4668 Seoetiensis
572 4610 724 4679 (Aix)
767 4608 1057 4665 Provincia
1094 4609 1295 4677 gallica
1331 4608 1788 4679 archiepiscopus,
1829 4608 2030 4662 florens
2066 4626 2208 4663 saec.
2246 4609 2376 4663 XIV
2381 4649 2412 4673 .,
2450 4609 2664 4677 glossas
2701 4611 2771 4665 ad
2808 4612 2896 4665 de-

222 4692 472 4749 cretales
509 4691 692 4761 Papae
730 4690 978 4759 Gregorii
1014 4689 1107 4743 IX.
1146 4689 1432 4759 scripsisse
1469 4690 1670 4753 fertur3
1719 4706 1906 4743 earum
1941 4691 2126 4743 tamen
2162 4688 2443 4759 hucusque
2479 4689 2690 4745 nullum
2726 4691 2896 4746 vesti-

221 4775 384 4842 gium
429 4771 714 4826 inventum
751 4774 851 4825 est.
932 4770 1170 4840 (Schulte
1205 4769 1241 4823 1.
1280 4789 1324 4824 c.
1364 4788 1416 4840 p.
1455 4769 1602 4839 231.)

416 4852 440 4888 ⁸
479 4851 588 4906 Cfr.
626 4851 699 4919 gl.
739 4851 808 4905 ad
844 4850 1078 4905 bullam:
1114 4852 1234 4904 Rex
1260 4853 1542 4919 pacificus,
1578 4867 1632 4904 v.
1661 4852 1946 4918 pacificus.
