3355 5328
1460 281 1636 351 Caput
1671 283 1713 335 I.
1788 282 1821 349 ξ
1860 284 1908 336 6.
2991 279 3021 331 7

372 430 685 505 materias
733 439 1229 518 ecclesiasticaS‚
1276 462 1341 506 V.
1375 461 1437 521 g.
1474 441 1648 506 circa
1677 441 2047 523 ingressum
2076 439 2475 518 monasterii,
2525 440 2698 505 circa
2726 439 3022 524 resigna-

370 537 618 602 tionem
664 537 958 603 beneficii
997 537 1442 616 ecclesiastici,
1491 538 1664 604 circa
1710 538 2195 604 matrimonium
2242 542 2310 604 et
2356 538 2611 616 similia,
2661 537 3017 619 agitantur.

550 645 729 720 Quae
788 665 1027 710 causae
1071 644 1159 708 ibi
1204 644 1484 727 primum
1531 646 1907 711 summatim
1953 649 2346 710 enarrantur
2364 695 2379 723 ‚
2446 645 2676 709 deinde
2720 643 2836 708 illa
2879 665 3019 708 mo-

369 746 614 820 menta,
664 764 704 808 a
751 741 983 824 quibus
1029 742 1268 807 decisio
1316 763 1541 807 earum
1585 744 1847 827 pendet,
1897 743 2170 808 seorsim
2215 743 2281 806 in
2328 742 2542 808 forma
2587 744 3021 827 quaestionum

370 844 822 924 proponuntur
840 891 854 918 ‚
917 844 985 906 et
1029 843 1172 905 tum
1220 841 1303 905 ad
1347 841 1469 906 has
1516 841 1936 922 quaestiones
1982 841 2329 906 solvendas
2374 840 2562 904 varia
2609 842 3016 921 argumenta,

370 937 509 1002 sive
555 941 843 1021 interna,
903 937 972 1001 in
1019 941 1333 1003 contextu
1378 942 1734 1017 tractatuS‚
1793 939 1932 1004 sive
1995 947 2254 1004 eoeterna
2268 990 2286 1022 ,
2346 938 2415 1001 in
2462 938 2807 1003 canonibus
2819 989 2839 1021 ,
2871 956 2874 959 ·
2902 935 3017 1001 ad-

370 1035 695 1100 ducuntur
721 1033 760 1102 ¹.

548 1142 690 1219 Qua
734 1142 990 1207 ratione
1035 1164 1191 1226 pars
1222 1143 1488 1208 Decreti
1521 1143 1819 1209 Gratiani
1866 1145 2145 1208 secunda
2191 1141 2623 1207 subdividitur
2652 1141 2718 1205 in
2766 1162 3014 1225 causas,

367 1244 762 1325 quaestiones
809 1243 877 1305 et
923 1262 1210 1306 canones
2769 1265 2774 1271 ·

548 1348 805 1413 Citatur
849 1369 1006 1430 pars
1051 1347 1166 1412 illa
1210 1348 1554 1413 indicando
1603 1371 1924 1432 canonem,
1974 1370 2236 1413 causam
2281 1351 2350 1412 et
2396 1349 2836 1432 quaestionem.

544 1445 767 1510 Canon
813 1446 1040 1509 eodem
1085 1447 1276 1511 modo
1323 1446 1676 1525 indicatur,
1740 1468 1817 1512 ac
1863 1467 2062 1530 supra
2109 1447 2189 1510 de
2245 1444 2607 1510 indicandis
2661 1443 3015 1509 canonibus

364 1543 616 1626 primae
660 1543 871 1627 partis
919 1543 1219 1610 diximus

545 1651 756 1715 Causa
816 1649 1198 1732 designatur
1254 1652 1614 1734 majuscula
1658 1651 1756 1717 lit.
1808 1651 1873 1716 C.
1939 1654 2006 1715 et
2065 1671 2333 1715 numero
2353 1701 2367 1728 ,
2431 1654 2499 1715 et
2559 1649 2818 1731 quidem
2875 1649 3016 1732 ple-

364 1769 637 1830 rumque
683 1751 900 1814 latino,

544 1846 853 1922 Quaestio
899 1845 1224 1912 indicatur
1269 1869 1410 1913 voc.
1461 1871 1563 1933 qu.
1614 1846 1734 1930 (q.)
1783 1851 1851 1912 et
1896 1868 2186 1926 numero,
2235 1867 2441 1928 eoque
2488 1847 2747 1911 arabico
2771 1842 2815 1910 ².

544 1944 793 2009 Causae
852 1944 1149 2009 XXXIII.
1214 1945 1510 2026 quaestio
1573 1948 1632 2011 3.
1703 1945 1995 2010 continet
2052 1947 2413 2010 tractatum
2473 1944 2553 2008 de
2605 1945 3011 2028 poenitentia,

366 2041 645 2106 divisum
690 2041 758 2106 in
805 2046 1057 2125 septem
1107 2045 1555 2128 dist-inetioneS,
1607 2065 1774 2125 quae
1821 2043 2193 2109 subdivisae
2239 2045 2394 2106 sunt
2423 2041 2491 2105 in
2537 2063 2824 2106 canones.
2892 2039 3013 2116 Qui

361 2142 690 2205 tractatus
736 2141 963 2205 eadem
1008 2141 1265 2205 ratione
1312 2141 1711 2224 compositus
1772 2145 1873 2206 est
1891 2191 1905 2220 ,
1968 2162 2045 2205 ac
2104 2161 2260 2224 pars
2305 2139 2571 2205 Decreti
2620 2143 2845 2224 prima
2863 2190 2881 2222 ,
2944 2141 3014 2203 et

364 2237 593 2302 eadem
642 2258 897 2319 quoque
941 2238 1198 2303 ratione
1245 2238 1514 2318 citatur,
1577 2242 1874 2304 attamen
1932 2259 2077 2303 cum
2124 2237 2569 2303 additamento
2618 2239 2697 2301 de
2728 2239 2965 2322 poenit.
2990 2234 3016 2274 ³

539 2335 616 2398 In
660 2335 980 2416 reliquum
1028 2336 1107 2400 de
1151 2335 1464 2401 hodierna
1511 2337 1822 2402 citatione
1864 2336 2074 2420 partis
2105 2336 2367 2401 Decreti
2414 2335 2737 2399 secundae
2784 2334 3012 2398 eadem

359 2433 608 2510 valent,
658 2454 825 2521 quae
871 2455 1069 2517 supra
1117 2433 1196 2498 de
1242 2434 1554 2500 citatione
1598 2434 1810 2518 partis
1856 2434 2122 2499 Decreti
2166 2433 2416 2518 primae
2463 2432 2639 2498 dicta
2683 2435 2855 2497 sunt.

538 2531 921 2596 Notandum
967 2553 1161 2614 porro
1207 2532 1314 2596 hic
1361 2536 1482 2610 est,
1530 2533 1597 2596 in
1629 2533 1880 2597 duabus
1911 2535 2124 2597 causis
2155 2553 2298 2596 esse
2337 2531 2753 2613 quaestiones
2798 2538 3009 2594 trans-

348 2632 618 2713 positas.
712 2630 803 2695 Et
868 2629 1127 2712 quidem
1186 2629 1254 2695 in
1304 2632 1370 2697 C.
1419 2632 1509 2697 II.
1527 2683 1546 2715 ,
1607 2630 1721 2696 ubi
1766 2653 1867 2717 qu.
1918 2636 1979 2697 5.
2029 2629 2246 2715 posita
2292 2633 2395 2695 est
2439 2628 2813 2694 immediate
2857 2631 3010 2712 post

359 2748 459 2812 qu.
511 2731 596 2811 3.,
647 2731 802 2793 ante
850 2750 954 2810 qn.
1005 2731 1065 2794 4.
1130 2729 1334 2795 Porro
1381 2729 1449 2794 in
1499 2732 1566 2796 G.
1606 2730 1684 2794 X
1686 2731 1815 2813 VL,
1864 2729 1973 2793 ubi
2019 2753 2121 2815 qu.
2156 2734 2217 2795 5.
2267 2729 2587 2794 collocata
2633 2731 2735 2793 est
2779 2727 3007 2791 imme-

357 2825 535 2890 diate
581 2829 732 2908 post
777 2849 879 2912 qu.
929 2830 1013 2910 2„
1063 2831 1217 2893 ante
1265 2849 1369 2910 qu.
1420 2831 1480 2894 3.
1570 2829 1750 2904 Quae
1795 2827 2219 2911 transpositio
2265 2827 2411 2891 ideo
2458 2826 2638 2891 facta
2685 2829 2805 2903 est,
2855 2824 3007 2906 quia

352 2922 636 2987 materia
681 2924 1082 3005 quaestionis
1101 2975 1116 3003 ‚
1178 2925 1275 2990 ita
1319 2926 1795 3010 transpositae,
1864 2947 2011 2991 cum
2072 2926 2303 2990 ultima
2347 2929 2537 3007 parte
2582 2923 2754 2988 illius
2802 2943 3002 3004 quae·

355 3020 606 3098 stioniS,
653 3025 805 3105 post
851 3043 1046 3103 quam
1092 3023 1236 3106 ipsa
1279 3044 1399 3107 per
1439 3023 2016 3107 transpositionem
2063 3024 2382 3088 collocata
2428 3026 2549 3100 est,
2600 3025 2782 3087 arcto
2829 3041 3004 3085 nexu

355 3119 665 3183 cohaeret
683 3118 730 3185 ⁴.
821 3113 829 3122 ’

533 3225 888 3292 Praeterea
931 3226 999 3290 in
1044 3228 1370 3292 nonnullis
1417 3228 1630 3293 causis
1680 3231 1847 3293 duae
1893 3231 2314 3313 quaestiones,
2377 3231 2586 3293 semet
2630 3226 3005 3291 immediate

354 3326 705 3404 sequentes
728 3374 742 3402 ‚
810 3326 1194 3407 conjunctae
1241 3330 1395 3391 sunt
1440 3326 1507 3390 in
1553 3350 1771 3391 unum.
1865 3327 1970 3391 Ita
2014 3326 2082 3389 in
2132 3327 2198 3391 G.
2247 3327 2297 3390 I
2298 3327 2366 3391 V.
2417 3326 2802 3408 conjunctae
2848 3327 3001 3388 sunt

356 3442 459 3502 qn.
512 3424 572 3486 2.
624 3424 691 3486 et
739 3424 835 3499 3.;
883 3422 950 3486 in
1000 3424 1066 3488 Ο.
1101 3424 1356 3489 XXVI.
1405 3462 1496 3471 —-
1542 3446 1647 3506 qu,
1699 3427 1758 3490 3.
1809 3427 1876 3488 et
1917 3425 2013 3501 4.;
2061 3423 2129 3488 in
2178 3425 2243 3489 G.
2277 3424 2600 3489 XXXIV.
2649 3462 2738 3470 —-
2785 3444 2888 3505 qn.
2944 3424 3000 3487 1.

355 3521 423 3583 et
472 3522 555 3596 2.,
606 3522 674 3584 et
719 3519 787 3583 in
836 3521 901 3586 Ο.
951 3521 1235 3587 XXXV.
1284 3562 1375 3568 —
1421 3544 1525 3603 qu.
1577 3526 1637 3588 2.
1689 3526 1757 3587 et
1804 3525 1863 3588 3.
1945 3521 2127 3599 Quod
2173 3521 2317 3586 ideo
2364 3521 2615 3586 factum
2662 3524 2796 3599 est,
2847 3519 2998 3602 quia

355 3616 807 3696 auctoritateS,
853 3640 973 3702 pro
1009 3622 1234 3703 priore
1277 3620 1537 3684 illarum
1576 3620 2030 3702 quaestionum
2076 3619 2512 3698 adducendae,
2560 3619 2753 3684 simul
2799 3618 2999 3684 etiam

354 3714 434 3778 de
482 3718 686 3780 altera
732 3736 956 3780 earum
1003 3720 1211 3798 agunt
1230 3717 1274 3783 ⁵.

532 3951 552 3985 ¹
592 3950 703 4004 Cfr.
741 3969 794 4004 v.
833 3968 887 4018 g.
927 3950 1160 4005 Causam
1195 3952 1256 4017 1.,
1293 3952 1350 4006 in
1387 3971 1494 4022 qua
1528 3954 1714 4021 'agitur
1752 3955 1817 4008 de
1854 3954 2097 4009 simonia.

529 4028 551 4061 ²
588 4030 656 4083 V.
694 4048 746 4098 g.
787 4048 832 4085 c.
871 4031 1040 4085 Nemo
1078 4036 1404 4088 contemnat.
1452 4033 1508 4088 C.
1534 4034 1627 4088 XI.
1668 4052 1758 4103 qu.
1797 4035 1876 4099 3.;
1916 4052 1960 4089 c.
2001 4035 2085 4089 31.
2127 4035 2183 4089 C.
2222 4036 2315 4089 XI.
2356 4054 2443 4105 qu.
2472 4037 2547 4101 3.;
2585 4054 2631 4091 c.
2669 4038 2839 4092 Nemo
2877 4057 2997 4093 con-

348 4112 575 4163 temnat.
615 4110 699 4163 31.
741 4110 798 4164 C.
836 4111 928 4164 XI.
969 4129 1058 4180 qu.
1099 4112 1146 4166 3.

530 4191 551 4225 ⁸
588 4190 655 4244 V.
694 4208 747 4258 g.
787 4208 832 4245 c.
872 4191 956 4245 63.
995 4192 1059 4247 D.
1098 4194 1140 4246 I.
1179 4193 1246 4246 de
1281 4193 1481 4263 poenit.

527 4270 550 4304 4
589 4269 696 4323 Cfr.
736 4271 1068 4325 notationem
1097 4272 1498 4339 (Correctorum
1523 4275 1909 4342 Romanorum)
1952 4276 2021 4329 ad
2045 4275 2260 4330 initium
2286 4253 2452 4345 qu.⁸5.
2494 4276 2549 4330 C.
2578 4278 2645 4332 Π.
2672 4278 2993 4348 appositam,

350 4366 490 4417 quae
526 4349 605 4403 ita
643 4354 828 4405 sonat:
890 4351 1177 4417 „Quintam
1213 4354 1366 4423 ponit
1400 4357 1524 4424 post
1558 4355 1781 4408 tertiam
1798 4397 1811 4419 ,
1851 4355 1977 4424 quia
2013 4356 2207 4409 harum
2244 4356 2619 4425 quaestionum
2657 4357 2991 4413 simillimum

348 4432 436 4483 est
471 4433 899 4497 argumentum.“
976 4432 1143 4485 Porro
1182 4435 1279 4487 cfr.
1331 4434 1564 4487 similem
1611 4434 1945 4489 notationem
1994 4437 2063 4489 ad
2114 4454 2201 4505 qu.
2242 4437 2290 4490 5.
2346 4436 2404 4491 C.
2441 4437 2586 4491 XVI.
2609 4480 2623 4502 ,
2679 4456 2993 4508 expressam

347 4509 556 4563 verbis:
601 4509 863 4575 „Videtur
900 4514 1086 4566 contra
1123 4513 1326 4567 ordinis
1362 4514 1655 4568 rationem“
1701 4518 1803 4569 etc.

528 4591 550 4626 ⁵
585 4590 648 4643 Id
684 4593 838 4659 patet
872 4590 1015 4645 inter
1051 4593 1267 4646 caetera
1304 4612 1374 4647 ex
1408 4593 1519 4647 illis
1535 4636 1549 4659 ,
1597 4612 1737 4663 quae
1772 4595 1926 4649 initio
1965 4614 2053 4664 qu.
2092 4597 2143 4651 2.
2183 4600 2238 4651 et
2275 4597 2324 4651 3.
2378 4597 2434 4651 C.
2472 4598 2565 4651 IV.
2606 4598 2857 4654 dicuntur
2906 4600 2993 4654 his

347 4667 560 4723 verbis:
623 4668 899 4735 „Secunda
935 4674 1119 4725 autem
1156 4676 1213 4727 et
1246 4673 1412 4727 tertia
1451 4675 1698 4743 quaestio
1736 4676 1923 4729 eodem
1962 4676 2198 4730 Concilio
2238 4676 2676 4745 Carthaginiensi
2710 4680 2831 4734 VII.
2884 4698 2989 4734 uno

350 4749 643 4817 eodemque
680 4749 916 4820 capitulo
955 4755 1148 4820 quarto
1183 4753 1592 4808 terminantur.“
