3355 5328
1453 279 1633 350 Caput
1668 279 1710 333 I.
1758 278 1790 346 ἓ
1832 279 1914 333 12.
2906 276 3016 332 243

532 439 712 516 Quae
773 438 1189 505 collectiones
1209 490 1223 518 ,
1287 441 1369 505 ab
1430 439 1558 505 illis
1618 438 1779 504 viris
1840 439 2201 504 adornatae
2220 488 2234 517 ,
2305 439 2515 503 Codex
2578 438 3016 524 Greqorianus

354 535 771 619 (quandoque
840 535 1040 604 etiam
1114 538 1356 623 Corpus
1427 537 1838 623 Greqoriani)
1917 540 2115 618 atque
2185 537 2395 601 Codex
2463 537 3015 622 Hermoyenianus

351 635 770 719 appellantur
801 632 839 701 ¹.

531 734 620 800 Et
667 732 889 799 Codex
937 733 1194 816 quidem
1245 734 1684 818 Greqorianus
1745 732 1991 798 divisus
2054 735 2197 798 erat
2242 731 2312 795 in
2357 733 2550 797 libros
2563 782 2583 815 ,
2645 731 3013 797 subdivisos

349 829 418 895 in
464 834 694 914 titulos,
742 830 811 895 in
859 853 1131 914 quorum
1178 830 1452 913 singulis
1499 830 1799 912 singulae
1846 828 2347 896 constitutiones
2395 828 2879 912 imperatoriae,
2928 829 3013 894 ad

352 949 465 995 eos
510 928 937 1013 pertinentes,
991 934 1059 995 et
1107 928 1366 1012 quidem
1414 928 1640 994 ordine
1689 927 2167 1009 chronologicO,
2215 926 2472 1010 positae
2520 931 2728 992 erant.

529 1027 750 1092 Codex
797 1028 1349 1112 Hermoyenianus
1408 1048 1539 1092 non
1598 1026 1668 1091 in
1725 1026 1927 1091 libros
1948 1075 1963 1104 ,
2026 1025 2143 1090 sed
2201 1028 2463 1091 tantum
2508 1024 2575 1088 in
2622 1027 2832 1090 titulos
2880 1025 3011 1090 dis-

350 1124 634 1208 pertitus
695 1129 874 1204 erat,
939 1130 1007 1191 et
1067 1124 1468 1191 solummodo
1516 1124 1767 1190 Codicis
1817 1122 2204 1205 Gregoriani
2261 1122 2664 1188 continuatio
2721 1127 2789 1188 et
2836 1144 3012 1188 com-

351 1223 756 1306 plementum
801 1222 945 1289 fuit.

528 1321 741 1386 Ambo
787 1320 881 1385 illi
914 1320 1181 1385 Codices
1222 1319 1291 1384 in
1325 1321 1579 1386 Oriente
1625 1319 1754 1386 orti
1801 1318 2004 1384 fuisse
2035 1318 2362 1395 videntur,
2412 1339 2489 1383 eo
2522 1318 2695 1399 quod
2724 1317 3011 1383 maxime

351 1418 852 1485 constitutiones
897 1418 1378 1502 imperatorias,
1428 1418 1494 1483 in
1543 1417 1814 1484 Oriente
1862 1417 2092 1495 editaS‚
2143 1416 2584 1483 continebant.

529 1516 991 1583 Characterem
1038 1516 1305 1582 Codices
1350 1516 1445 1581 illi
1490 1515 1946 1582 tantummodo
1993 1514 2325 1598 privatum
2372 1514 2721 1580 habebant.

531 1613 891 1679 Amborum
937 1614 1242 1680 Codicum
1287 1614 1547 1679 illorum
1592 1634 1765 1678 nunc
1822 1611 2277 1680 tantummodo
2324 1611 2565 1693 exigua
2614 1611 3008 1693 fragmenta,

349 1710 419 1776 in
463 1712 609 1777 aliis
657 1712 1147 1778 collectionibus
1187 1712 1354 1796 juris
1400 1712 1704 1796 adducta,
1752 1714 2105 1794 supersunt
2132 1706 2175 1776 ².

1140 1908 1180 1995 §
1228 1907 1318 1976 12.
1413 1909 1627 1976 Codex
1673 1908 2162 1992 Theodosianus
2190 1910 2233 1975 ³.

525 2070 895 2152 Imperator
941 2068 1228 2135 Orientis
1283 2071 1669 2136 Theodosius
1717 2071 1808 2136 H.
1859 2069 2303 2153 (408—450),
2356 2092 2553 2153 quum
2595 2071 2732 2153 jam
2779 2092 2837 2136 a.
2875 2072 3003 2135 429

352 2188 580 2232 omnes
612 2166 1110 2233 constitutiones
1141 2167 1619 2250 imperatorias,
1666 2168 1819 2233 inde
1851 2190 1891 2234 a
1926 2170 2335 2234 Constantino
2367 2169 2604 2254 Mayno
2637 2167 2791 2249 (307
2827 2190 2888 2234 u,
2924 2169 3009 2234 ad

353 2264 511 2347 337)
559 2286 763 2346 usque
810 2265 894 2330 ad
940 2265 1150 2349 ipsum
1199 2286 1318 2330 nec
1364 2288 1495 2331 non
1541 2267 1624 2332 ab
1670 2266 1813 2350 ipso
1853 2267 2084 2345 editaS,
2132 2267 2217 2332 ad
2263 2266 2474 2332 instar
2504 2265 2810 2331 Codicum
2844 2267 3009 2332 Gre-

349 2362 605 2445 goriani
665 2366 732 2429 et
791 2362 1304 2474 Hermogeniani
1362 2364 1431 2429 in
1490 2386 1692 2430 unum
1754 2364 2004 2446 colligi,
2072 2368 2272 2446 atque
2331 2363 2500 2428 hanc
2561 2364 3010 2430 collectionem

353 2460 585 2526 deinde
630 2482 749 2544 pro
799 2461 1121 2526 communi
1166 2483 1288 2526 usu
1333 2460 1401 2526 in
1433 2462 1886 2546 compendium
1934 2461 2143 2544 redigi
2189 2465 2258 2527 et
2302 2460 2451 2527 huic
2483 2463 2861 2545 compendio
2895 2484 3011 2547 op-

350 2563 634 2642 portuna
681 2563 995 2642 excerpta
1043 2580 1078 2624 e
1125 2560 1387 2643 scriptis
1427 2560 1744 2644 juristicis
1783 2560 2395 2644 jurisconsultorum
2442 2581 2860 2625 romanorum
2894 2562 3011 2626 ad-

350 2656 525 2723 necti
565 2656 871 2742 jussisset
893 2657 938 2736 ⁴,
987 2660 1284 2725 attamen
1329 2658 1612 2726 frustra:
1659 2658 1811 2725 hinc
1857 2681 2028 2725 anno
2076 2660 2204 2724 435
2256 2659 2465 2724 denuo
2514 2658 2857 2740 collegium
2905 2681 3010 2725 se-

352 2755 560 2821 decim
601 2755 1233 2840 jurisconsultorum,
1282 2758 1583 2840 praeside
1627 2759 1936 2823 Antiocho
1984 2757 2357 2835 exconsule,
2412 2756 2770 2835 constituit,
2821 2757 3009 2839 eique

350 2854 690 2920 mandavit
710 2904 724 2933 ,
787 2859 862 2920 ut
909 2854 1409 2922 constitutiones
1468 2855 1930 2938 imperatorias
1949 2906 1963 2934 ,
2025 2855 2175 2920 inde
2222 2877 2263 2920 a
2313 2857 2723 2921 Constantino
2771 2857 3009 2941 Maqno

351 2973 558 3034 usque
603 2956 761 3018 tunc
808 2952 1049 3031 editaS,
1098 2975 1229 3018 una
1277 2975 1420 3018 cum
1469 2953 1603 3019 suis
1648 2953 1853 3037 ipsius
1900 2952 2472 3019 constitutionibus
2517 2952 2585 3017 in
2630 2974 2829 3018 unum
2877 2954 3010 3018 col-

349 3049 587 3131 ligeret
607 3100 621 3128 ,
682 3050 778 3116 ita
823 3054 1048 3117 tamen
1066 3101 1080 3128 ,
1144 3055 1218 3116 ut
1262 3051 1331 3116 in
1376 3048 1569 3119 textu
1617 3072 1875 3129 earum,
1938 3051 2006 3116 in
2053 3055 2367 3133 quantum
2422 3051 2862 3116 necessarium
2908 3051 3009 3116 vi-

351 3147 634 3227 deretur,
685 3154 1087 3232 opportunas
1133 3150 1554 3230 mutationes,
1603 3151 1922 3229 addendo,
1971 3149 2414 3215 abbreviando
2445 3150 2556 3213 vel
2593 3150 3006 3229 declarandO,

350 3244 601 3313 faceret
628 3244 671 3312 ⁵.

530 3343 737 3420 Quam
785 3344 1252 3423 collectionem,
1303 3367 1360 3411 a.
1412 3347 1541 3411 438
1591 3347 1979 3425 absolutam,
2027 3347 2395 3430 Imperator
2442 3344 2843 3410 Theodosius
2891 3367 3008 3429 ap-

351 3441 657 3525 probavit
716 3446 785 3509 et
845 3442 948 3507 die
1000 3446 1100 3509 15.
1150 3444 1339 3510 Febr.
1390 3444 1679 3527 ejusdem
1728 3466 1785 3509 a.
1837 3445 1965 3509 438
2012 3444 2081 3508 in
2126 3442 2406 3527 Imperio
2455 3442 2742 3509 Orientis
2795 3444 3007 3527 publi-

352 3540 530 3605 cavit
552 3589 566 3617 ,
632 3544 934 3607 statuens
957 3591 971 3619 ,
1038 3545 1112 3608 ut
1175 3541 1320 3625 ipsa
1384 3542 1518 3606 vim
1586 3541 1918 3623 obligandi
1980 3542 2082 3606 die
2133 3544 2188 3607 1.
2234 3542 2278 3607 J
2280 3562 2383 3607 an.
2442 3541 2569 3605 439
2637 3541 3003 3608 sortiretur.

354 3637 558 3703 Simul
616 3642 839 3704 autem
900 3659 1046 3704 eam
1107 3640 1335 3704 eodem
1382 3660 1441 3706 a.
1491 3641 1620 3705 438
1684 3641 1768 3704 ad
1826 3640 2297 3723 Imperatorem
2362 3639 2733 3705 Occidentis
2782 3641 3007 3705 Valen-

351 3738 672 3802 tinianum
697 3738 824 3803 III.
853 3735 1282 3820 (425—455)‚
1310 3759 1623 3819 generum
1649 3759 1858 3817 suum,
1885 3737 2270 3816 transmisit,
2307 3737 2416 3820 qui
2439 3737 2617 3802 illam
2644 3737 2874 3821 etipse
2899 3760 3008 3803 ac-

352 3834 643 3917 ceptavit
690 3838 758 3901 et
805 3835 1031 3900 eodem
1065 3836 1276 3900 adhuc
1314 3857 1484 3901 anno
1519 3836 1721 3901 etiam
1767 3836 1834 3900 in
1865 3836 2146 3920 Imperio
2180 3835 2551 3902 Occidentis
2582 3836 2943 3920 publicavit
2960 3836 3004 3904 ⁶.

531 4029 549 4061 ¹
590 4025 700 4079 Cfr.
739 4043 904 4095 supra
941 4043 992 4095 p.
1032 4024 1153 4077 242.
1193 4027 1302 4077 not.
1343 4025 1394 4077 5.
2055 4042 2060 4045 ·

531 4106 550 4138 ²
591 4104 701 4159 Cfr.
739 4107 976 4175 Krilyer‚
1016 4103 1343 4159 Geschichte
1382 4104 1477 4157 der
1514 4103 1743 4169 Quellen
1779 4105 1890 4158 und
1913 4105 2214 4159 Litteratur
2253 4106 2348 4159 des
2384 4112 2517 4159 rom.
2544 4105 2765 4169 Rechts,
2803 4124 2854 4176 p.
2884 4107 3003 4160 284.

352 4186 503 4251 Quae
535 4187 845 4253 fragmenta
883 4203 1126 4239 seorsum
1160 4184 1310 4254 typis
1346 4183 1515 4238 edidit
1546 4183 1972 4254 jurisconsultus
2005 4188 2270 4239 Gustavus
2296 4187 2502 4239 Haenel
2527 4186 2745 4239 Bonnae
2773 4204 2819 4239 a.
2852 4187 3004 4251 1837,

351 4266 452 4320 sub
489 4266 677 4320 titulo:
724 4265 968 4331 „Codicis
1008 4264 1329 4332 Gregoriani
1367 4268 1423 4317 et
1449 4264 1662 4318 Codicis
1688 4264 2112 4332 Hermogeniani
2148 4266 2505 4333 fragmenta.“
2563 4266 2714 4331 Quod
2752 4285 2887 4336 opus
2924 4286 3004 4321 re-

350 4347 526 4401 fertur
552 4347 715 4400 etiam
741 4346 799 4399 in
816 4349 960 4400 tomo
981 4347 1049 4399 II.
1079 4343 1330 4414 Corporis
1350 4344 1491 4415 juris
1510 4345 1954 4415 Antejustiniani,
1982 4347 2124 4414 quod
2151 4346 2356 4400 editum
2382 4349 2467 4399 est
2487 4346 2704 4400 Bonnae
2729 4347 2860 4401 1841
2885 4365 3003 4416 sqq.

530 4428 550 4461 ³
588 4429 764 4496 Ηιιρο,
805 4426 1091 4480 Lehrbuch
1136 4426 1230 4478 der
1269 4424 1597 4479 Geschichte
1637 4425 1732 4478 des
1771 4433 1903 4478 rom.
1939 4426 2143 4480 Rechts
2181 4426 2266 4480 bis
2305 4426 2403 4479 auf
2438 4426 2472 4479 J
2477 4426 2729 4491 ustinian‚
2769 4430 2909 4497 part.
2936 4428 3004 4481 II.

350 4525 402 4577 p.
443 4508 563 4561 949.
603 4524 723 4576 sqq.
737 4527 750 4571 ;
804 4509 1033 4577 Puchta,
1073 4506 1280 4560 Cursus
1319 4506 1414 4559 der
1451 4504 1852 4570 Institutionen,
1890 4509 2019 4559 tom.
2058 4508 2098 4560 I.
2139 4525 2189 4576 p.
2231 4506 2352 4561 378.
2393 4523 2543 4575 sqq.;
2583 4509 2861 4576 Koa-loeva,
2900 4508 3003 4561 Ro-

350 4587 556 4641 mische
594 4586 1131 4654 Rechtsgeschichte,
1168 4587 1297 4639 tom.
1324 4586 1364 4639 I.
1392 4603 1443 4655 p.
1471 4586 1591 4639 943.
1619 4603 1740 4655 sqq.
1780 4589 1836 4640 et
1860 4604 1909 4656 p.
1939 4587 2059 4642 960.
2087 4604 2207 4656 sqq.
2230 4607 2242 4651 ;
2280 4588 2501 4653 Krilyer
2525 4587 2560 4640 l.
2589 4605 2633 4641 c.
2662 4606 2712 4657 p.
2742 4588 2861 4642 285.
2883 4605 3004 4656 sqq.

528 4668 553 4703 ⁴
591 4667 702 4721 Cfr.
740 4667 776 4721 l.
816 4668 865 4720 5.
906 4667 1033 4720 Cod.
1073 4665 1274 4719 Theod.
1315 4666 1379 4720 de
1419 4666 1658 4720 constitt.
1699 4665 1962 4736 principp.
2002 4668 2043 4721 Ι.
2086 4669 2131 4721 1.

533 4749 552 4782 ⁵
590 4746 700 4801 Cfr.
738 4746 774 4800 l.
814 4747 863 4800 6.
903 4746 1030 4800 Cod.
1071 4745 1271 4799 Theod.
1312 4746 1427 4799 cod.
1611 4748 1632 4781 ⁶
1670 4746 1784 4800 Cfr.
1823 4748 2046 4815 Kraqer
2081 4747 2117 4800 l.
2158 4765 2203 4800 c.
2244 4765 2294 4817 p.
2335 4747 2455 4801 290.
2969 4802 3058 4863 f,

2472 4840 2586 4890 16*
