3355 5328
435 328 538 383 146
1232 328 1374 382 Pars·
1407 328 1476 382 H.
1535 326 1894 381 collectiones
1932 327 2301 381 decretalium.

432 490 613 573 Papa
675 490 1024 573 Greqorius
1075 488 1199 553 IX.
1264 507 1449 551 suam
1511 485 1937 552 decretalium
1999 485 2446 552 collectionem
2506 486 2574 551 in
2632 487 2846 552 locum
2904 507 3079 571 prae-

433 586 753 652 dictarum
815 585 1357 669 Gompilationum
1417 584 1836 667 antiquarum
1901 582 2210 651 substitui
2268 584 2479 652 voluit
2508 584 2550 663 ¹,
2613 606 2741 667 quo
2802 584 3078 651 collectio

430 684 594 750 haec
653 685 738 750 ad
797 685 1153 749 Decretum
1208 681 1509 749 Gratiani
1567 682 1636 746 in
1697 682 1926 747 eadem
1986 681 2308 748 relatione
2367 681 2584 766 posita
2644 687 2747 748 est
2766 733 2780 761 ‚
2841 681 2910 747 in
2967 704 3080 765 qua

432 782 518 847 ad
562 783 776 866 ipsum
822 780 1169 865 praefatae
1217 779 1723 863 compilationes
1770 778 2082 862 antiquae
2128 779 2383 864 positae
2429 779 2713 848 fuerant.

611 890 971 954 Praeterea
1037 891 1259 954 autem
1322 886 1389 951 id
1454 886 1654 952 etiam
1723 907 1801 951 eo
1871 887 2396 965 demonstratur,
2468 888 2641 970 quod
2699 887 2884 971 Papa
2944 888 3082 952 Gre-

429 989 650 1072 9orius
701 987 823 1052 IX.
884 985 1201 1069 plurimas
1255 984 1422 1068 juris
1483 983 1911 1049 ecclesiastici
1971 1006 2233 1050 normas
2252 1035 2265 1062 ‚
2328 985 2396 1049 in
2455 985 2738 1051 Decreto
2801 983 3085 1050 Gratiani

433 1088 809 1162 contentaS‚
873 1084 958 1148 ad
1018 1105 1181 1166 quas
1226 1082 1295 1147 in
1340 1083 1464 1148 hac
1509 1104 1629 1148 sua
1690 1082 2077 1148 collectione
2132 1082 2392 1148 omnino
2438 1083 2708 1168 respicit
2755 1087 2823 1149 et
2870 1082 3086 1166 quibus

431 1183 778 1248 ulteriores
798 1233 812 1261 ‚
874 1204 992 1266 pro
1054 1181 1203 1247 aevi
1250 1181 1349 1246 sui
1407 1180 1788 1263 indigentiis
1846 1180 2253 1246 necessarias
2273 1231 2287 1259 ‚
2356 1181 2935 1248 determinationes
2990 1182 3087 1246 vel

431 1280 945 1347 modificationes
992 1279 1234 1363 adjicit,
1283 1279 1351 1343 in
1384 1278 1833 1345 collectionem
1872 1299 2059 1343 suam
2105 1300 2236 1344 non
2280 1278 2579 1358 inseruit,
2628 1280 2745 1344 sed
2791 1301 2905 1345 eas
2950 1284 3085 1347 tan-

433 1401 628 1462 quam
679 1379 1041 1444 existentes
1081 1377 1587 1461 praesupposuit
1636 1376 1860 1458 eisque
1914 1375 2298 1460 simpliciter
2342 1377 2689 1444 ulteriores
2734 1377 2901 1462 juris
2950 1399 3086 1443 nor-

433 1497 576 1541 mas
591 1527 604 1554 ,
671 1497 833 1559 quas
880 1475 1285 1541 necessarias
1332 1474 1757 1540 existimabat
1774 1523 1788 1551 ‚
1853 1474 2315 1557 superstruxit.
2409 1475 2557 1539 Huc
2599 1475 2888 1559 pertinet
2931 1475 3091 1541 inter

435 1578 659 1641 cetera
717 1575 828 1639 ille
895 1573 1355 1639 celeberrimus
1416 1594 1626 1638 canon
1677 1573 1779 1638 15.
1829 1571 2095 1638 Concilii
2141 1572 2469 1654 generalis
2505 1572 2973 1638 Lateranensis
3013 1572 3087 1638 H.

442 1694 502 1739 a.
557 1675 724 1737 1139
748 1722 762 1751 ,
828 1673 1077 1738 relatus
1122 1670 1191 1735 in
1252 1692 1304 1737 c.
1357 1673 1460 1736 29.
1525 1669 1592 1736 O.
1643 1669 1851 1735 XVII.
1917 1691 2021 1752 qU.
2073 1671 2133 1735 4.
2156 1721 2170 1747 ,
2239 1691 2365 1752 quo
2429 1671 2807 1737 conceditur
2853 1670 3091 1735 clericis

439 1774 507 1836 et
568 1770 905 1836 monachis
966 1768 1380 1853 privilegium
1403 1818 1418 1847 ,
1478 1768 1549 1832 vi
1609 1768 1826 1852 cujuS,
1891 1767 2000 1850 qui
2060 1767 2155 1833 eis
2212 1767 2539 1833 malitiose
2587 1790 2820 1834 manus
2866 1768 3092 1852 inJ'ece-

437 1867 558 1946 rit,
622 1867 763 1952 ipso
824 1867 1003 1934 facto
1065 1865 1803 1932 excommunicationem
1849 1866 2071 1950 Papae
2126 1870 2537 1931 reservatam
2596 1865 2892 1932 incurrat
2942 1863 3091 1949 (pri-
3151 1895 3158 1900 ·

439 1965 757 2048 vilegium
806 1964 1118 2047 canonis).

620 2073 814 2137 Hunc
862 2092 1175 2137 canonem
1206 2071 1390 2154 Papa
1423 2068 1778 2151 Gregorius
1809 2070 1921 2137 IX.
1971 2069 2039 2134 in
2085 2091 2204 2135 sua
2252 2070 2676 2136 decretalium
2724 2069 3093 2137 collectione

439 2171 810 2238 accuratius
858 2169 1272 2247 determinat,
1322 2167 1420 2233 uti
1467 2169 1682 2235 elucet
1727 2190 1791 2235 v,
1840 2190 1903 2250 g.
1954 2189 1990 2233 e
2039 2190 2223 2252 capp.
2275 2171 2358 2246 4.,
2410 2170 2491 2247 7.,
2543 2170 2849 2235 24.--26.
2894 2169 2975 2234 X.
3022 2167 3094 2232 de

440 2273 606 2334 sent.
659 2289 977 2334 excomm.
1024 2269 1108 2334 V.
1161 2269 1264 2332 39.
1287 2316 1301 2344 ‚
1366 2268 1667 2331 tenorem
1717 2266 1857 2350 ejus
1903 2267 2240 2331 verbalem
2287 2269 2508 2332 autem
2556 2265 2645 2331 ibi
2691 2287 3094 2349 nequaquam

439 2367 723 2446 adducit,
774 2365 1319 2449 quemadmodum
1366 2363 1423 2428 is
1469 2385 1589 2428 nec
1634 2364 1704 2429 in
1751 2364 1884 2429 ulla
1931 2364 2476 2449 Compilationum
2523 2364 2946 2446 antiquarum
2992 2363 3094 2428 ad-

440 2466 674 2531 ductus
741 2468 862 2530 est.
972 2463 1114 2541 Qua
1176 2462 1433 2527 ratione
1491 2461 1631 2545 jam
1695 2463 1819 2527 hoc
1882 2463 2098 2527 locum
2161 2462 2406 2527 habere
2469 2466 2695 2547 posset
2718 2512 2732 2541 ,
2804 2462 2862 2527 si
2926 2463 3096 2546 Papa

442 2562 801 2646 Gregorius
847 2563 958 2627 IX.
1022 2583 1143 2626 sua
1203 2559 1629 2625 decretalium
1691 2559 2074 2626 collectione
2119 2561 2475 2627 Decretum
2536 2560 2838 2626 Gratiani
2901 2558 3096 2626 elimi-

446 2682 608 2727 nare
655 2660 974 2726 voluisset
996 2663 1029 2724 Ρ

457 2850 461 2855 ,
623 2768 816 2833 Certe
879 2771 1021 2833 tum
1090 2787 1301 2849 neque
1371 2769 1669 2831 tenorem
1734 2766 2085 2831 verborum
2154 2766 2330 2831 illius
2394 2765 2723 2850 privilegii
2787 2764 3097 2832 clericalis

441 2867 853 2933 haberemus,

622 2974 899 3057 Insuper
943 2973 1071 3037 huc
1117 2971 1372 3037 accedit
1390 3020 1404 3049 ,
1467 2969 1640 3053 quod
1659 3020 1673 3049 ,
1737 2969 1836 3037 uti
1880 2971 1949 3035 in
1997 2969 2575 3055 compilationibus
2627 2970 2922 3052 antiquis
2938 3021 2955 3049 ,
3013 2969 3101 3035 ita

443 3071 647 3137 etiam
693 3071 762 3135 in
806 3070 932 3136 hac
986 3070 1132 3154 ipsa
1187 3068 1570 3134 collectione
1619 3069 2029 3151 Gregoriana
2089 3070 2173 3134 ad
2218 3059 2576 3150 Decretum
2624 3068 2930 3134 Gratiani
2979 3067 3098 3132 fre-

442 3173 720 3252 quenter
764 3171 1197 3254 provocatur,
1261 3165 1401 3231 sive
1448 3169 1665 3251 tacite,
1729 3165 2036 3231 videlicet
2096 3167 2442 3248 allegando
2505 3166 2944 3232 auctoritates
2997 3186 3102 3230 seu

442 3289 747 3347 canoneS,
786 3268 962 3333 haud
993 3265 1187 3331 facile
1224 3264 1381 3330 alibi
1414 3285 1608 3346 quam
1639 3264 1708 3328 in
1738 3265 2021 3330 Decreto
2056 3264 2355 3331 Gratiani
2388 3263 2615 3329 obvias
2643 3260 2687 3343 ²,
2737 3264 2878 3330 sive
2912 3264 3099 3331 etiam

446 3390 753 3453 expresse,
801 3364 1108 3430 videlicet
1141 3365 1457 3429 consueta
1496 3361 1740 3428 dictum
1770 3363 2127 3428 Decretum
2160 3362 2405 3428 citandi
2451 3361 2768 3427 formula:
2816 3364 3097 3444 Decreta,

441 3469 513 3531 in
558 3467 846 3531 Decretis
873 3460 918 3530 ³.
991 3462 1176 3539 Quod
1221 3461 1401 3526 nullo
1447 3460 1639 3524 modo
1687 3461 1903 3525 locum
1948 3460 2192 3526 habere
2238 3460 2583 3546 potuisset,
2633 3460 2690 3524 si
2735 3460 2922 3545 Papa
2955 3462 3098 3525 Gre-

437 3565 658 3647 9orius
703 3561 826 3627 IX.
893 3560 1018 3625 hac
1079 3580 1199 3624 sua
1260 3556 1643 3624 collectione
1706 3557 2130 3623 decretalium
2189 3559 2547 3623 Decretum
2595 3555 2897 3623 Gratiani
2957 3556 3101 3622 sim-

441 3659 700 3743 pliciter
769 3657 1108 3724 eliminare
1177 3660 1247 3722 et
1314 3677 1436 3720 usu
1504 3654 1770 3738 privare
1838 3655 2178 3722 voluisset.
2274 3654 2645 3738 Cujusmodi
2713 3655 3101 3737 allegatione

444 3758 913 3823 auctoritatum
959 3754 1226 3821 Decreti
1243 3804 1258 3833 ‚
1321 3754 1680 3819 observata
1725 3773 1761 3817 e
1806 3756 1999 3837 parte
2046 3752 2448 3819 collectionis
2494 3752 2976 3834 Gregorianae,
3023 3752 3102 3818 si-

627 3981 648 4016 1
686 3979 798 4033 cfr.
837 3998 1002 4050 supra
1038 4000 1090 4051 p.
1136 3982 1252 4036 128.
1293 3984 1350 4035 et
1389 3980 1508 4034 142.

627 4070 647 4104 2
684 4068 802 4134 Qua
852 4070 1061 4125 ratione
1097 4089 1152 4124 v.
1190 4088 1245 4138 g.
1283 4070 1341 4123 in
1379 4069 1564 4139 Comp.
1602 4070 1645 4123 I.
1684 4087 1801 4140 cap.
1841 4069 1891 4124 2.
1931 4071 1997 4124 de
2048 4087 2342 4138 consangu.
2397 4075 2454 4125 et
2503 4072 2697 4126 affinit.
2735 4072 2829 4126 IV.
2874 4073 2984 4136 14„
3028 4088 3102 4123 re·

445 4150 655 4203 ferente
707 4149 1034 4204 decretalem
1070 4151 1254 4220 Papae
1291 4149 1593 4204 Alexandri
1627 4150 1724 4203 ΠΙ.
1743 4192 1757 4215 ,
1808 4151 1878 4204 ad
1896 4175 1899 4176 ⁷
1917 4150 2298 4205 Cassinensem
2344 4152 2599 4205 abbatem
2636 4153 2819 4206 datam
2835 4194 2848 4217 ,
2900 4151 3105 4206 verbis:

452 4230 670 4299 „Aeque
707 4229 866 4295 enim,
903 4232 968 4284 ut
1002 4247 1231 4284 canones
1267 4230 1470 4294 dicunt,
1508 4230 1891 4284 abstinendum
1928 4234 2015 4285 est
2052 4248 2086 4284 a
2125 4232 2543 4299 consanguineis
2581 4231 2785 4297 uxoriS,
2835 4235 2899 4286 ut
2937 4249 2974 4285 a
2996 4248 3104 4301 pro·

447 4309 596 4378 priiS,
634 4328 808 4379 usque
846 4311 915 4364 ad
953 4310 1245 4380 septimum
1282 4311 1565 4377 gradum“‚
1604 4310 1844 4364 citantur
1881 4328 1927 4364 c.
1970 4311 2016 4364 1.
2057 4311 2106 4365 3.
2150 4311 2232 4365 13.
2272 4311 2496 4367 XXXV.
2538 4330 2626 4381 qu.
2666 4313 2716 4366 2.
2756 4315 2813 4366 et
2848 4312 2900 4366 3.

627 4400 648 4434 ³
685 4399 796 4453 cfr.
849 4417 1014 4469 supra
1064 4418 1115 4469 p.
1157 4401 1205 4453 9.
1259 4398 1383 4452 'Pali
1431 4399 1642 4453 ratione
1690 4417 1744 4453 v.
1790 4417 1874 4466 g.,
1925 4399 2009 4453 uti
2058 4399 2116 4452 in
2168 4399 2352 4471 Comp.
2390 4401 2433 4455 I.
2486 4418 2603 4471 cap.
2643 4402 2693 4456 8.
2748 4402 2813 4455 de
2862 4401 3105 4471 despons.

447 4477 649 4549 impub.
688 4480 782 4533 IV.
823 4480 873 4533 2.
892 4522 905 4545 ,
956 4479 1227 4533 referente
1277 4479 1606 4533 decretalem
1657 4479 1947 4550 epistolam
1982 4480 2166 4550 Papae
2205 4483 2514 4535 Alexandri
2551 4484 2677 4551 IIL,
2715 4482 2784 4536 ad
2819 4480 2869 4535 N
2869 4481 3106 4535 orvicen-

449 4576 565 4612 sem
614 4559 672 4612 in
707 4559 910 4627 Anglia
961 4558 1272 4629 episcopum
1325 4559 1538 4623 datam,
1593 4560 1674 4614 ita
1720 4560 1886 4614 etiam
1935 4560 1993 4613 in
2039 4577 2158 4631 cap.
2197 4562 2246 4615 6.
2285 4561 2351 4615 X.
2395 4562 2510 4616 eod.
2549 4562 2644 4616 IV.
2683 4563 2733 4616 2.
2773 4561 2979 4616 citatur
3013 4562 3107 4615 De·

451 4641 662 4692 cretum
702 4639 951 4694 Gratiani
969 4682 982 4705 ,
1035 4642 1092 4693 et
1126 4640 1185 4693 in
1221 4639 1403 4709 specie
1440 4639 1659 4708 quidem
1696 4640 2010 4705 auctoritaS,
2047 4640 2106 4693 in
2142 4659 2187 4695 c.
2225 4641 2273 4695 3.
2313 4641 2371 4696 G.
2410 4642 2662 4697 XXXIII.
2702 4661 2789 4712 qu.
2832 4643 2879 4696 1.
2920 4640 3108 4712 posita,

450 4718 537 4771 his
573 4719 784 4773 verbis:
831 4737 1028 4788 „quum
1063 4723 1125 4773 in
1162 4722 1385 4773 decretis
1408 4720 1674 4774 habeatur
1701 4738 2036 4791 expressum,
2075 4722 2235 4790 quod,
2272 4722 2322 4775 si
2353 4722 2440 4776 vir
2466 4722 2682 4793 dixerit,
2722 4722 2858 4792 quod
2886 4737 3108 4775 uxorem

452 4816 608 4852 suam
646 4798 978 4866 cognoverit,
1016 4799 1125 4853 viri
1162 4800 1418 4853 standum
1455 4804 1541 4854 est
1577 4800 1849 4855 veritati.“
