3355 5328
1473 316 1650 386 caput
1684 316 1753 369 11.
1806 314 1838 381 s
1876 314 1962 368 21.
2940 308 3045 363 263

564 478 755 544 Unde
800 479 984 561 Papa
1026 479 1268 543 Lucius
1311 477 1435 543 ΙΙΙ.
1486 475 1988 558 (1181-1185)
2033 474 2102 539 111
2148 473 2490 557 rescriptO,
2540 474 2624 538 ad
2671 473 3046 556 episcopum

389 577 773 642 Paduanum
822 577 977 642 dato
1011 576 1257 658 (Comp.
1293 575 1375 641 H.
1412 597 1465 641 c.
1502 577 1562 641 3.
1612 576 1694 640 de
1740 575 1969 640 eccles,
2014 572 2392 638 aedificand.
2427 572 2541 638 ΙΠ.
2578 570 2733 653 26.),
2784 574 2853 636 61
2897 572 3050 653 post

388 696 535 740 eum
596 676 779 759 Papa
842 676 1188 760 Greyorins
1236 674 1360 739 IX.
1424 671 1925 755 (1227—1241)
1985 672 2052 736 in
2114 693 2167 737 0.
2223 674 2278 737 1.
2328 670 2407 736 Χ.
2477 671 2556 735 (16
2615 668 2771 735 novi
2832 667 3048 752 operis

384 774 664 840 nuntiat.
713 773 794 839 V.
846 775 986 851 32.,
1052 773 1274 856 palam
1319 770 1600 855 professi
1646 775 1837 837 sunt:
1911 770 2127 847 „Sicut
2171 770 2354 851 leges
2414 788 2546 833 non
2608 766 3047 848 dedignantur

385 892 610 936 sacros
657 859 940 937 canones
985 869 1230 937 imitari
1249 920 1263 948 ,
1326 870 1424 935 ita
1485 873 1554 935 et
1614 890 1951 934 sacrorum
2012 870 2267 933 statuta
2315 887 2637 932 canonum
2682 863 3048 948 principum

385 969 960 1036 constitutionibus
1007 969 1459 1052 adjuvantur.“
2841 1021 2844 1024 1

563 1067 705 1144 Qua
760 1067 1019 1134 ratione
1065 1066 1241 1132 inter
1287 1066 1792 1132 constitutiones
1845 1064 2014 1148 juris
2061 1064 2271 1129 civilis
2331 1061 2587 1128 romani
2634 1060 3045 1142 distinguun-

382 1169 494 1231 tur
539 1166 708 1231 aliae
726 1216 741 1243 ,
808 1186 976 1247 quae
1023 1165 1104 1230 ab
1151 1164 1449 1229 Ecclesia
1509 1167 1665 1230 sunt
1724 1184 2036 1247 expresse
2097 1162 2534 1246 approbatae3
2596 1181 2792 1243 porro
2853 1157 3044 1236 aliae,

385 1285 555 1346 quae
602 1265 684 1330 ab
733 1285 812 1329 ea
859 1284 1171 1347 expresse
1217 1263 1611 1347 reprobatae
1643 1266 1832 1339 sunt3
1883 1261 2161 1343 denique
2192 1260 2382 1338 aliae,
2433 1279 2601 1341 quae
2634 1259 2715 1322 ab
2747 1256 3047 1321 Ecclesia

384 1382 504 1427 nec
550 1363 956 1446 approbatae
991 1382 1304 1445 expresse
1351 1382 1472 1426 nec
1516 1361 1932 1445 reprobatae,
1981 1360 2097 1424 sed
2129 1357 2389 1424 silentio
2421 1356 2825 1441 praeteritae
2857 1356 3044 1430 sunt3

385 1481 659 1541 quarum
706 1460 958 1544 priores
1020 1463 1090 1526 et
1132 1481 1327 1543 posse
1383 1463 1452 1525 et
1499 1460 1737 1523 debere
1796 1458 1863 1523 in
1925 1456 2383 1523 ecclesiasticis
2442 1455 2697 1538 legibus
2744 1452 3041 1534 allegari,

385 1579 424 1623 a
472 1558 772 1623 secundis
819 1558 1186 1649 allegandis
1232 1557 1691 1623 abstinendum
1739 1577 1915 1634 esse,
1967 1558 2036 1621 et
2082 1555 2318 1621 tertias
2365 1573 2878 1619 commemorare
2926 1549 3048 1615 ali-

385 1658 644 1739 quando
690 1657 851 1722 utile
899 1677 1044 1722 esse
1091 1658 1159 1722 et
1203 1655 1551 1733 laudabile,
1599 1657 1825 1720 monet
1868 1654 2051 1738 Papa
2097 1654 2480 1719 Benedictus
2526 1650 2711 1716 XIV.
2743 1648 2763 1687 ¹

561 1756 918 1821 Praeterea
976 1754 1082 1820 hic
1127 1754 1487 1820 notandum
1536 1756 1639 1819 est
1656 1803 1670 1831 ,
1726 1752 1894 1836 juris
1942 1750 2235 1817 canonici
2281 1749 2625 1815 scientiam
2689 1768 2805 1812 6611
2852 1744 3047 1811 (11601-

382 1853 628 1937 plinam
688 1853 1028 1937 potissime
1087 1854 1173 1918 ad
1235 1852 1447 1918 instar
1511 1856 1580 1918 et
1637 1851 1901 1917 modum
1948 1849 2262 1915 scientiae
2319 1848 2487 1931 juris
2535 1846 2745 1912 civilis
2791 1843 3047 1910 romani

384 1972 529 2016 esse
578 1955 1023 2018 constructam
1050 1949 1095 2018 ².
1619 1945 1625 1952 ’

487 2150 526 2236 ξ
574 2147 666 2217 21.
757 2151 1094 2237 Legistam
1139 2150 1448 2237 indigere
1498 2150 1779 2219 scientia
1819 2150 1996 2239 juris
2045 2148 2363 2231 canonici,
2411 2147 2479 2214 et
2528 2145 2933 2214 canonistam

1324 2258 1500 2344 juris
1549 2256 1764 2325 civilis
1810 2257 2087 2324 romani.

565 2420 673 2484 Ex
717 2419 839 2497 his,
890 2440 1058 2502 quae
1105 2441 1304 2503 supra
1351 2420 1432 2483 de
1477 2421 1707 2483 mutua
1737 2416 2059 2483 relatione
2089 2416 2265 2481 inter
2288 2416 2397 2498 jus
2430 2413 2813 2479 canonicum
2845 2416 2913 2477 et
2938 2413 3048 2495 jus

383 2516 574 2582 civile
621 2538 964 2583 romanum
1011 2517 1188 2583 dicta
1235 2521 1407 2595 sunt,
1455 2537 1575 2600 per
1605 2536 1677 2581 se
1723 2515 1888 2594 fluit,
1931 2514 2098 2598 juris
2141 2513 2350 2579 civilis
2397 2511 2651 2577 romani
2682 2510 3047 2576 studiosum

383 2636 501 2681 6611
547 2615 876 2697 legistam,
927 2615 1036 2699 qui
1076 2616 1184 2699 jus
1232 2614 1422 2680 civile
1468 2635 1830 2692 romanum,
1881 2616 2205 2697 quatenus
2251 2612 2465 2697 ipsum
2511 2610 2827 2693 religione
2876 2608 3047 2674 chri-

383 2713 602 2779 stiana
663 2718 1029 2781 correctum
1091 2716 1159 2779 et
1224 2714 1364 2797 ejus
1425 2713 1619 2795 genio
1666 2713 2029 2778 animatum
2093 2715 2198 2777 est
2215 2762 2229 2790 ,
2294 2710 2589 2794 perfecte
2650 2728 3047 2791 cognoscere

381 2812 567 2892 velit,
617 2804 846 2896 ampla
885 2816 953 2878 et
997 2812 1324 2897 profunda
1364 2812 1532 2896 juris
1581 2811 1876 2877 canonici
1923 2809 2295 2892 cognitione
2344 2830 2506 2892 opus
2551 2808 2798 2873 habere
2818 2803 2865 2873 ³.

563 3027 585 3062 ¹
621 3024 701 3078 De
738 3024 928 3094 synod.
969 3023 1153 3088 dioec..
1190 3023 1283 3076 lib.
1323 3023 1415 3077 IX.
1457 3040 1573 3092 cap.
1616 3023 1698 3077 10.
1735 3041 1789 3076 n.
1831 3023 1878 3076 1.
2061 3023 2083 3056 ²
2121 3021 2231 3075 Cfr.
2271 3038 2437 3091 supra
2473 3039 2525 3090 p.
2563 3021 2651 3074 45.

560 3104 581 3138 ⁸
622 3106 877 3173 Scherer,
932 3103 1236 3157 Handbuch
1275 3104 1370 3156 des
1408 3103 1892 3167 Kirchenrechtes,
1951 3102 2143 3156 Graec.
2186 3102 2322 3156 1885
2361 3118 2469 3168 sq.,
2520 3104 2649 3155 tom.
2697 3100 2740 3153 I.
2796 3118 2848 3169 p.
2893 3099 3041 3163 114.;

384 3203 541 3255 porro
586 3188 776 3253 Geory.
822 3186 1166 3238 Christianus
1203 3186 1423 3250 Wolfius
1436 3225 1452 3253 ,
1505 3183 1649 3237 circa
1687 3182 1924 3236 medium
1960 3200 2102 3236 saec.
2142 3182 2312 3237 XVII.
2365 3181 2422 3234 in
2457 3180 2728 3251 Lipsiensi
2765 3179 3046 3234 Universi·

382 3269 497 3320 tate
549 3267 825 3335 professor
872 3264 1012 3336 juris
1028 3307 1041 3329 ,
1094 3263 1225 3318 licet
1275 3266 1604 3318 acatholicus
1617 3304 1633 3333 ,
1684 3263 1743 3316 in
1779 3281 1877 3317 6110
1915 3280 2161 3316 sermone
2176 3304 2190 3327 ,
2243 3260 2523 3315 occasione
2562 3259 2879 3330 auspicandi
2917 3259 3046 3313 anni

383 3345 698 3400 scholastici
723 3363 887 3416 super
910 3345 1181 3399 themate:
1215 3344 1518 3410 „Quantum
1543 3343 1763 3397 intersit
1784 3343 2114 3413 reipublicae
2134 3341 2275 3413 juris
2296 3341 2539 3395 canonici
2564 3340 2833 3394 studium“
2857 3339 3045 3393 habito

385 3429 441 3480 61
464 3426 680 3496 Lipsiae
706 3445 754 3480 a.
786 3428 924 3482 1740
951 3425 1111 3490 edito,
1157 3424 1230 3495 (p.
1251 3423 1501 3492 XXVII.)
1533 3424 1635 3478 1100
1658 3427 1911 3493 respectu
1937 3423 2080 3477 01106
2099 3423 2191 3493 jus
2217 3422 2533 3476 canonicum
2558 3421 2740 3491 palam
2765 3421 3045 3490 professus

385 3508 485 3569 est,
523 3508 587 3559 ut
622 3506 898 3573 sequitur:
943 3506 1173 3573 „Variae
1212 3508 1377 3574 atque
1416 3505 1699 3572 elegantes
1736 3504 2030 3557 multorum
2068 3520 2293 3556 casuum
2331 3501 2808 3556 determinationes
2844 3500 2901 3553 in
2921 3501 3045 3571 jure

382 3585 655 3655 pontificio
692 3586 1058 3651 inveniuntur,
1098 3604 1328 3656 quarum
1364 3585 1570 3639 multae
1608 3602 1822 3653 quoque
1858 3602 1966 3636 non
2002 3583 2147 3637 solos
2184 3582 2491 3646 Pontifices,
2530 3583 2627 3635 sed
2664 3581 2800 3635 alios
2837 3581 3043 3650 pietate

383 3683 450 3720 60
487 3665 730 3718 (100111116
766 3665 1010 3733 1116131166
1046 3666 1211 3731 viros,
1251 3665 1346 3735 qui
1381 3665 1438 3718 in
1476 3664 1701 3736 synodis
1725 3662 2182 3717 Lateranensibus
2208 3662 2524 3730 congregati
2549 3664 2784 3725 fuerunt,
2823 3664 3042 3715 autores

383 3746 602 3800 habent.
676 3745 865 3814 Neque
904 3746 1139 3799 multum
1174 3747 1314 3800 lucis
1350 3746 1477 3800 inde
1518 3745 1576 3813 (i.
1616 3763 1661 3798 e.
1702 3763 1732 3798 e
1764 3745 1886 3815 jure
1916 3744 2195 3814 'pontificio
2234 3747 2291 3798 et
2338 3743 2657 3797 nominatim
2694 3761 2723 3796 e
2762 3740 3045 3795 decretali-

382 3827 485 3880 bus
523 3825 867 3878 Summorum
904 3825 1227 3879 Pontificum
1265 3828 1576 3880 Alexandri
1612 3827 1719 3879 III.
1736 3867 1752 3894 ,
1804 3828 2106 3878 Innocentii
2142 3827 2249 3878 ΠΙ.
2264 3866 2281 3894 ,
2344 3826 2599 3891 Greqorii
2635 3825 2735 3876 IX.
2788 3826 2845 3876 et
2882 3825 3047 3876 Inno-

384 3910 544 3960 centii
579 3905 704 3974 IV.)
748 3907 782 3961 J
783 3905 871 3959 uri
907 3905 1070 3959 Civili
1121 3906 1376 3960 accedere
1425 3905 1617 3973 negari
1652 3908 1862 3975 potest,
1916 3923 2039 3959 cum
2087 3905 2146 3958 in
2181 3904 2457 3976 perplexis
2509 3903 2916 3972 quaestionibus
2954 3903 3045 3956 ab·

383 3987 526 4042 ditos
562 3986 712 4040 illius
749 4003 944 4040 sensus
980 4004 1081 4055 ope
1117 3986 1483 4053 glossatorum
1521 4004 1709 4039 6111616
1726 4028 1738 4050 ,
1790 3986 1846 4039 111
1881 3985 2007 4039 boni
2046 3988 2101 4039 61
2138 3984 2299 4053 aequi
2348 3988 2601 4039 naturam
2639 3983 2929 4051 diligenter
2964 3982 3044 4036 in—

384 4068 600 4137 quirere
638 4070 695 4121 et
731 4070 938 4122 certam
975 4066 1217 4135 aliquam
1242 4083 1489 4120 normam
1520 4066 1795 4137 judicibus
1831 4065 2201 4136 praescribere
2240 4065 2459 4135 saepius
2495 4065 2776 4135 praesules
2800 4063 2886 4117 illi
2924 4064 3044 4117 doc-

382 4147 584 4202 tissimi
637 4165 758 4201 cum
805 4165 1064 4201 successu
1113 4146 1482 4211 tentaverint;
1536 4147 1691 4218 cujus
1750 4147 1831 4200 rei
1881 4146 2132 4216 exempla
2182 4150 2311 4200 sunt
2344 4146 2401 4199 in
2440 4164 2484 4200 0.
2524 4144 2833 4216 Raynutius
2870 4144 2937 4197 X.
2977 4145 3044 4198 de

384 4230 622 4292 testam„
663 4245 707 4281 0.
735 4228 822 4281 27.
862 4230 918 4280 61
954 4228 1039 4281 28.
1079 4226 1146 4280 X.
1186 4227 1252 4280 de
1289 4227 1376 4280 off.
1417 4230 1473 4280 61
1508 4231 1618 4297 pot.
1652 4227 1767 4298 jud.
1807 4227 1929 4292 (161.,
1969 4245 2014 4280 0.
2052 4226 2151 4280 1111.
2178 4226 2244 4281 X.
2284 4227 2362 4280 Ut
2397 4226 2479 4280 lit.
2516 4244 2625 4279 non
2663 4228 2802 4279 cont.
2843 4224 3044 4292 Aequi-

383 4307 516 4361 tatis
555 4307 864 4377 exemplum
901 4307 1113 4361 celebre
1149 4307 1286 4360 satis
1324 4307 1586 4361 habemus
1622 4307 1681 4360 in
1718 4326 1761 4362 0.
1785 4309 1834 4361 5.
1872 4307 1931 4360 111
1966 4307 2056 4361 fin.
2083 4306 2149 4360 X.
2190 4307 2256 4360 (16
2294 4325 2372 4371 60,
2413 4306 2506 4376 qui
2544 4306 2670 4359 dux.
2710 4304 2768 4358 in
2802 4305 3039 4360 matrim.

384 4405 549 4456 quam
603 4387 730 4458 poll.
782 4405 879 4457 per
928 4388 1095 4441 adult.
1172 4387 1309 4441 Cum
1359 4386 1503 4440 enim
1541 4388 1575 4442 J
1577 4387 1913 4442 ustinianum
1964 4387 2237 4441 castitatis
2288 4405 2438 4441 amor
2489 4387 2792 4440 abduxerat
2806 4428 2817 4449 ,
2875 4389 2939 4439 ut
2986 4385 3044 4439 in

383 4468 521 4522 Nov.
561 4469 647 4522 89.
688 4485 732 4522 0.
776 4470 858 4522 15.
898 4510 910 4522 .
953 4510 964 4521 .
1006 4510 1018 4522 .
1057 4467 1244 4521 liberis
1282 4486 1352 4522 ex
1390 4468 1643 4523 damnato
1683 4468 1828 4522 coitu
1864 4468 2010 4522 natis
2048 4468 2307 4522 alimenta
2345 4467 2530 4521 deberi
2565 4470 2821 4534 negaret,
2878 4469 3043 4534 atque

383 4547 462 4602 ita
499 4547 722 4602 virtutis
760 4547 908 4602 illius
959 4547 1138 4601 studio
1176 4551 1459 4617 paternam
1504 4548 1763 4617 pietatem
1803 4549 2178 4614 destruxerat,
2222 4549 2410 4616 legum
2447 4547 2591 4601 hunc
2625 4548 2863 4614 rigorem
2898 4545 3044 4599 miti-

383 4628 542 4696 gavit
572 4627 663 4698 jus
691 4627 1034 4692 Canonicum,
1072 4632 1129 4682 et
1162 4627 1538 4682 innocentibus
1574 4627 1763 4699 liberis
1800 4628 2125 4698 prospexit.“
2182 4629 2349 4682 Porro
2387 4628 2529 4681 idem
2573 4627 2645 4698 (p.
2673 4626 2870 4681 XXIX.
2898 4625 3040 4695 sq.):

390 4708 708 4775 „Multum“‚
745 4707 950 4777 inquit,
996 4709 1308 4774 „aberrant,
1349 4707 1442 4776 qui
1478 4707 1615 4762 satis
1653 4708 1760 4762 sibi
1796 4726 1917 4762 6666
1956 4709 2189 4773 (111011111,
2227 4708 2277 4762 61
2308 4708 2420 4779 juri
2459 4707 2800 4762 Justinianeo
2837 4707 3040 4760 incum-

383 4791 531 4854 bant,
569 4788 820 4856 neglecto
857 4788 1074 4858 penitus
1107 4789 1229 4859 jure
1268 4788 1553 4853 canonice,
1589 4789 1683 4842 vel
1720 4788 1911 4859 primis
1948 4789 2118 4842 labris
2155 4791 2370 4842 tantum
2407 4790 2675 4856 gustato.“

3069 4938 3142 4989 f
