3355 5328
1383 318 1561 387 Caput
1593 317 1663 370 II.
1716 316 1749 383 ἓ
1791 317 1872 370 11.
2889 319 2953 374 15

482 479 636 549 Vox
692 480 1022 544 decretalis
1078 476 1414 559 (subaudiz
1480 477 1767 562 epistola)
1832 476 2203 558 generatim
2257 479 2529 545 denotat
2589 466 2953 563 epistolam,

304 576 569 658 aliquod
617 576 953 642 decretum
999 575 1460 641 continentem.
1554 576 1629 639 In
1675 575 1892 658 specie
1939 578 2161 640 autem
2195 577 2335 642 ⁴sub
2382 597 2462 642 ea
2506 598 2668 642 voce
2713 578 2955 644 intelli-

301 673 484 756 gitur
530 674 808 757 epistola
841 673 1086 738 Summi
1117 673 1469 751 PontificiS‚
1519 673 1859 738 continens
1905 672 2196 755 ejusdem
2243 673 2580 740 decretum
2609 676 2690 741 de
2738 676 2957 758 aliqua

300 771 583 837 materia
647 771 1128 837 ecclesiasticae
1187 773 1579 855 disciplinae.
1671 770 1973 854 Epistola
2034 770 2280 836 Summi
2324 772 2657 838 Pontificis
2675 824 2689 851 ,
2750 774 2955 857 ipsius

302 869 640 934 decretum
673 869 752 933 de
784 869 1003 951 aliqua
1034 869 1312 933 materia
1339 869 1493 952 fidei
1526 868 1887 945 continens,
1940 871 2196 953 epistola
2229 871 2584 953 doqmatica
2613 872 2723 936 vel
2754 872 2954 938 etiam

303 969 609 1053 synodica
657 967 1028 1051 appellatur
1051 965 1093 1034 ¹.

478 1066 750 1130 Illarum
795 1065 1238 1149 epistolarum,
1289 1065 1554 1130 decreta
1601 1065 1775 1129 circa
1807 1064 2320 1130 ecclesiasticam
2351 1065 2756 1150 disciplinam
2800 1091 2952 1134 con-

302 1162 672 1241 tinentium,
721 1163 885 1228 alias
918 1163 1164 1228 Summi
1194 1161 1543 1227 Pontifices
1590 1162 1982 1228 emittebant
2026 1163 2460 1253 praecedente
2501 1164 2774 1248 alicujus
2805 1187 2955 1249 per-

303 1282 504 1326 sonae
565 1260 1045 1327 ecclesiasticae
1108 1259 1426 1344 petitione
1485 1260 1593 1324 vel
1651 1259 2171 1341 interrogatione
2188 1310 2203 1337 ,
2265 1260 2306 1327 i.
2370 1282 2425 1327 e.
2483 1265 2799 1344 tanquam
2859 1289 2953 1330 re-

302 1362 543 1444 scripta
562 1384 589 1441 ;
642 1358 805 1423 alias
830 1362 1073 1431 ¹autem
1118 1347 1298 1422 nulla
1343 1358 1778 1441 praecedente
1824 1357 2189 1440 hujusmodi
2234 1359 2552 1442 petitione
2598 1362 2706 1425 vel
2750 1362 2955 1427 inter-

302 1457 681 1538 rogatione,
731 1457 848 1521 sed
892 1459 1077 1522 motu
1121 1455 1404 1540 proprio,
1499 1456 1685 1520 Licet
1724 1456 1896 1538 jam,
1946 1456 2118 1537 quod
2163 1457 2248 1522 ad
2294 1458 2762 1540 etymologiam
2807 1481 2956 1543 per-

303 1554 492 1632 tinet,
526 1555 864 1637 utriusque
889 1554 1130 1638 speciei
1154 1554 1469 1637 epistolae
1487 1552 1861 1636 pontificiae
1896 1556 2233 1620 decretales
2265 1554 2390 1620 dici
2408 1560 2698 1639 possent,
2731 1561 2957 1624 tamen

304 1652 535 1717 stricte
583 1656 651 1718 et
695 1652 957 1737 proprie
1004 1652 1145 1717 sola
1175 1650 1509 1735 pontificia
1541 1654 1851 1735 rescripta
1881 1672 2043 1717 voce
2078 1654 2409 1718 decretalis
2440 1653 2771 1736 designari
2803 1678 2956 1721 con·

303 1754 681 1816 sueverunt.
752 1750 1072 1834 Epistola,
1121 1771 1163 1813 a
1211 1749 1473 1813 Summo
1520 1748 1837 1814 Pontifice
1884 1753 2066 1814 motu
2111 1751 2373 1833 proprio
2423 1752 2681 1831 emissa,
2732 1758 2954 1819 consti-

308 1852 464 1913 tutio
499 1851 817 1932 edictali&
864 1849 972 1914 vel
1019 1847 1403 1931 simpliciter
1449 1850 1802 1912 constitutio
1850 1847 2220 1930 appellatur
2242 1845 2285 1914 ².

485 1946 662 2022 Quae
711 1949 1048 2012 decretales
1077 1945 1447 2030 pontificiae
1479 1944 1740 2026 quidem
1769 1945 2066 2027 proxime
2098 1947 2549 2013 tantummodo
2590 1949 2674 2013 ad
2706 1954 2958 2015 certum

305 2044 591 2126 aliquem
624 2044 1051 2128 >Superiorem
1096 2042 1609 2109 ecclesiasticum
1658 2042 1948 2107 directae
1994 2047 2211 2121 erant,
2262 2048 2330 2109 et
2375 2048 2826 2114 tantummodo
2874 2049 2959 2114 ad

304 2142 590 2224 aliquem
635 2142 1034 2224 singularem
1080 2162 1304 2206 casum
1336 2140 1744 2223 spectabant.
1814 2140 2152 2219 Attamen,
2202 2142 2354 2206 dum
2386 2164 2499 2207 eas
2548 2144 2957 2226 emittebant,

307 2239 555 2304 Summi
583 2239 935 2305 Pontifices
981 2260 1179 2321 saepe
1225 2238 1291 2303 in
1336 2238 1511 2303 votis
1542 2238 1894 2316 habebant,
1944 2242 2018 2303 ut
2063 2239 2218 2303 illae
2262 2241 2625 2306 decretales
2657 2243 2857 2308 etiam
2889 2244 2956 2309 in

306 2337 453 2402 aliis
497 2337 865 2420 hujusmodi
911 2336 1166 2402 casibus
1214 2337 1724 2402 observarentur
1741 2384 1755 2412 ‚
1823 2338 1891 2400 et
1936 2335 2082 2400 ideo
2130 2336 2441 2403 volebant
2459 2388 2473 2415 ,
2523 2343 2597 2404 ut
2642 2340 2825 2423 ipsae
2872 2343 2954 2406 ab

302 2434 403 2513 iis,
453 2436 537 2499 ad
584 2456 745 2516 quos
776 2434 1072 2518 proxime
1119 2435 1314 2498 datae
1345 2433 1629 2510 fuerant,
1680 2432 1883 2497 etiam
1913 2454 2061 2497 cum
2092 2433 2237 2498 aliis
2263 2434 2715 2519 Superioribus
2747 2439 2954 2503 eccle-

304 2532 589 2598 siasticis
636 2532 1298 2607 communicarentur;
1346 2529 1413 2595 id
1460 2530 1630 2612 quod
1675 2551 1719 2594 a
1766 2529 2046 2596 Summis
2090 2531 2508 2600 Pontificibus
2554 2535 2622 2600 in
2666 2536 2795 2601 illis
2843 2537 2953 2602 de-

305 2630 658 2696 cretalibus
702 2631 879 2696 haud
923 2651 1076 2696 raro
1124 2649 1435 2713 expresse
1494 2632 1760 2694 cautum
1807 2631 1908 2695 est
1934 2626 1977 2695 ³.
2073 2628 2213 2712 Qua
2256 2631 2512 2699 ratione
2557 2634 2683 2700 hae
2731 2635 2954 2701 decre-

485 2802 506 2835 ²
545 2801 790 2867 Philhpss,
828 2799 1236 2853 Kirchenrecht.
1309 2798 1519 2852 Ratisb.
1561 2799 1699 2853 1845
1738 2816 1875 2867 sqq„
1913 2802 2041 2852 tom.
2081 2799 2173 2853 IV.
2212 2818 2263 2869 p.
2304 2800 2406 2852 629
2445 2816 2565 2868 sqq.

485 2881 506 2914 ²
543 2879 605 2931 Id
630 2879 809 2933 elucet
833 2898 862 2932 e
887 2880 1071 2946 glossa
1101 2880 1221 2945 (cfr.
1248 2878 1392 2932 infra
1420 2896 1535 2948 cap.
1563 2880 1612 2931 6.
1652 2882 1755 2931 art.
1786 2879 1832 2931 1.
1867 2878 1900 2945 ξ
1926 2879 1994 2932 32
2021 2880 2165 2947 sqq.)
2196 2880 2265 2932 ad
2291 2878 2423 2932 dicti
2448 2879 2599 2933 Grat.
2626 2878 2743 2932 init.
2770 2879 2834 2933 D.
2861 2879 2954 2935 III.

304 2977 493 3013 vocem
534 2975 726 3028 omne-9,
766 2976 905 3027 quae
944 2960 1008 3013 de
1047 2959 1151 3013 hac
1186 2977 1246 3012 re
1282 2959 1363 3012 ita
1387 2958 1493 3012 ait:
1539 2958 1862 3024 „Decretum
1889 2957 2102 3022 dicitur,
2141 2959 2284 3026 quod
2308 2959 2459 3028 Papa
2498 2959 2695 3012 statuit
2732 2960 2797 3012 de
2835 2978 2955 3013 con·

304 3039 427 3093 silio
455 3039 821 3093 cardinalium
847 3057 1068 3093 suorum
1094 3040 1163 3093 ad
1187 3039 1390 3092 nullius
1428 3038 1895 3092 consultationem.
1946 3038 2252 3093 Decretalis
2287 3038 2515 3108 epistola
2541 3038 2755 3103 dicitur,
2794 3057 2959 3107 quam

305 3118 503 3173 statuit
538 3118 691 3189 Papa
740 3120 831 3174 vel
878 3120 1026 3172 solus
1076 3119 1167 3172 vel
1212 3136 1336 3172 cum
1374 3118 1752 3173 Cardinalibus
1790 3119 1860 3172 ad
1897 3118 2346 3172 consultationem
2397 3118 2674 3189 alicuju8.“
2752 3119 2891 3173 Item
2928 3138 2957 3174 e

304 3199 490 3267 glossa
516 3200 588 3253 ad
604 3199 788 3270 Papae
810 3199 1057 3266 Gregorii
1077 3199 1169 3252 IX.
1203 3199 1433 3253 bullam:
1472 3201 1591 3251 Rex
1616 3201 1883 3266 pacificus
1903 3199 1952 3252 d.
1976 3199 2024 3252 d.
2055 3200 2103 3251 5.
2125 3197 2395 3268 Septemb.
2439 3200 2577 3252 1234
2618 3201 2749 3268 (qua
2786 3200 2959 3270 ipsius

307 3279 553 3333 collectio
580 3278 934 3333 decretalium
958 3279 1232 3349 publicata
1260 3281 1372 3342 est;
1411 3278 1509 3332 cfr.
1536 3278 1680 3331 infra
1704 3281 1843 3348 part.
1860 3278 1927 3331 II.
1956 3282 2087 3332 sect.
2109 3278 2158 3331 2.
2188 3296 2304 3348 cap.
2333 3280 2381 3332 3.
2409 3279 2442 3345 ἓ
2465 3278 2594 3347 77.),
2633 3298 2685 3333 v.
2709 3284 2957 3333 constitu-

306 3363 491 3427 tioneS,
530 3377 669 3429 quae
706 3360 808 3413 hoc
844 3362 1119 3429 respectu:
1165 3358 1576 3424 „Constituti0“‚
1614 3357 1809 3426 inquit,
1854 3361 1984 3423 „est‚
2025 3376 2188 3426 quam
2211 3358 2473 3428 Princeps
2503 3359 2596 3424 (zz-
2620 3358 2795 3428 Papa)
2825 3359 2960 3413 facit

304 3440 521 3510 proprio
556 3444 735 3504 motu;
787 3443 1063 3493 decretalis
1100 3441 1320 3508 epistola
1335 3480 1351 3507 ,
1403 3440 1616 3507 quando
1653 3440 1946 3509 respondet
1982 3439 2052 3492 ad
2089 3438 2587 3493 consultationem.“
2669 3439 2776 3493 Ofr.
2819 3443 2958 3493 Pon-

304 3524 435 3588 siuS,
476 3520 578 3573 Jus
617 3520 933 3575 canonicum
963 3520 1126 3590 juxta
1162 3519 1407 3573 nativam
1445 3518 1565 3589 ejus
1600 3518 1814 3573 faciem.
1867 3519 2080 3586 Fulgin.
2120 3520 2273 3583 1794,
2310 3523 2438 3572 tom.
2466 3520 2508 3572 I.
2547 3537 2597 3588 p.
2628 3520 2772 3583 180.;
2809 3523 2956 3587 Reif-

302 3602 559 3668 fenstuel,
608 3600 709 3653 Jus
747 3618 933 3653 canon.
971 3599 1120 3654 univ.
1158 3599 1252 3653 lib.
1291 3599 1331 3652 I.
1370 3598 1455 3652 tit.
1495 3599 1544 3652 2.
1582 3617 1663 3652 nr.
1707 3600 1789 3652 10.
1811 3619 1824 3662 ;
1865 3600 2095 3666 Phillips
2130 3599 2168 3652 l.
2208 3617 2253 3652 0.
2293 3617 2345 3668 p.
2385 3600 2490 3653 629
2528 3616 2684 3668 sqq.;
2726 3601 2956 3669 Schulte,

307 3680 409 3733 Die
449 3679 777 3733 Geschichte
817 3681 912 3733 der
950 3679 1191 3745 Quellen,
1230 3682 1360 3732 tom.
1399 3679 1439 3731 Ι.
1478 3697 1528 3748 p.
1568 3679 1638 3731 42
1677 3696 1789 3747 sq.;
1827 3682 1956 3732 tom.
1995 3680 2062 3731 II.
2101 3697 2152 3748 p.
2193 3680 2241 3732 9.
2281 3682 2389 3732 not.
2430 3679 2480 3732 3.

485 3760 506 3794 ⁸
542 3760 628 3813 Ita
663 3777 717 3813 v.
756 3776 808 3826 g.
846 3760 904 3812 in
943 3759 1202 3813 decretali
1235 3759 1419 3829 Papae
1458 3761 1650 3811 Siricii
1687 3759 2020 3825 (384—398)
2062 3777 2110 3812 a.
2152 3759 2254 3813 385
2292 3760 2361 3812 ad
2399 3758 2727 3824 Himerium,
2766 3761 2957 3814 Tarra-

307 3857 599 3894 conensem
635 3838 693 3891 in
730 3839 995 3909 Hispania
1034 3839 1497 3909 archiepiscopum
1538 3839 1681 3902 data,
1720 3856 1837 3907 cap.
1880 3839 1961 3891 15.
2008 3839 2310 3907 (Har-dum.
2352 3838 2573 3893 Concill.
2615 3840 2833 3894 Collect.
2874 3841 2956 3894 ed.

305 3919 482 3974 Paris,
524 3920 662 3973 1714
699 3936 811 3987 sq.,
861 3923 990 3973 tom.
1029 3919 1070 3973 I.
1110 3920 1209 3973 col.
1249 3918 1429 3986 851.‚)
1481 3917 1575 3971 ubi
1612 3918 1792 3972 dictus
1829 3918 2009 3988 Papa,
2047 3921 2337 3988 postquam
2374 3919 2444 3972 ad
2481 3919 2827 3987 quaestiones
2864 3920 2958 3973 Hi·

306 3999 463 4052 merii
499 4000 867 4068 responderat,
905 3998 1031 4053 huic
1067 3998 1146 4053 ita
1182 3997 1486 4068 praecepit:
1531 3998 1718 4064 „Nunc
1743 3997 2104 4051 fraternitatis
2127 4002 2255 4052 tuae
2292 3998 2530 4051 animum
2557 3999 2626 4053 ad
2662 4001 2959 4054 servandos

306 4097 542 4133 canones
580 4082 636 4132 et
671 4080 905 4133 tenenda
943 4079 1236 4133 decretalia
1273 4079 1570 4133 constituta
1620 4078 1797 4145 magis
1835 4096 1899 4132 ac
1936 4078 2113 4146 magis
2149 4078 2467 4143 incitamuS,
2519 4084 2581 4134 ut
2617 4080 2780 4144 haec,
2821 4098 2958 4149 quae

306 4160 376 4212 ad
411 4162 509 4213 tua
547 4159 795 4213 consulta
830 4159 1238 4228 rescripsimus,
1289 4158 1346 4211 in
1383 4158 1619 4212 omnium
1671 4157 2106 4228 coepiscoporum
2153 4162 2459 4212 nostrorum
2510 4159 2738 4229 perferri
2786 4160 2959 4213 facias

305 4239 608 4302 notionem,
662 4242 716 4292 et
751 4257 858 4292 non
895 4240 1068 4292 solum
1106 4257 1318 4301 eorum,
1371 4238 1465 4329 qui
1500 4238 1557 4292 in
1593 4242 1690 4292 tua
1727 4241 1855 4291 sunt
1892 4238 2124 4292 dioecesi
2170 4238 2454 4306 [dioecesis
2503 4239 2606 4293 hoc
2641 4240 2758 4294 loco
2795 4257 2961 4293 sensu

304 4318 487 4373 latiori
504 4360 517 4383 ,
573 4337 670 4388 pro
725 4318 1097 4373 ecclesiastica
1150 4318 1429 4389 provincia
1450 4360 1463 4382 ,
1519 4317 1816 4388 accipitur·
1804 4360 1816 4382 ,
1873 4318 1992 4386 [cfr.
2049 4320 2265 4371 Wiltsch
2284 4360 2299 4386 ,
2347 4319 2506 4372 Atlas
2558 4337 2727 4373 sacer.
2780 4319 2959 4373 Gotha

308 4399 447 4453 1843
465 4441 478 4464 ,
530 4417 581 4468 p.
622 4397 694 4465 6.]
733 4398 1043 4462 constituti,
1091 4400 1187 4452 sed
1225 4398 1388 4451 etiam
1426 4399 1495 4451 ad
1531 4397 1816 4451 universos
1856 4397 2327 4464 Carthaginenses,
2365 4398 2633 4463 BaeticOS,
2670 4398 2960 4453 Lusitanos

306 4482 474 4547 atque
514 4478 771 4542 Gallicos,
810 4478 901 4532 vel
939 4496 1046 4542 ece,
1086 4477 1180 4546 qui
1216 4478 1411 4531 vicinis
1447 4478 1548 4531 tibi
1585 4477 1910 4531 collimitant
1944 4478 2072 4531 hinc
2108 4478 2232 4531 inde
2270 4478 2589 4548 provinciiS,
2630 4478 2780 4543 haec,
2820 4497 2958 4547 quae

304 4577 336 4613 a
374 4558 530 4612 nobis
569 4561 697 4611 sunt
733 4558 937 4611 salubri
973 4558 1306 4612 ordinatione
1343 4558 1607 4628 disposita
1624 4599 1636 4622 ,
1689 4558 1789 4611 sub
1826 4558 2133 4612 litterarum
2170 4562 2388 4612 tuarum
2424 4559 2801 4629 prosecutione
2837 4560 2958 4614 mit-

302 4640 541 4693 tantur.“
621 4639 759 4691 Item
795 4639 851 4692 in
889 4639 1148 4692 decretali
1184 4639 1367 4708 Papae
1404 4641 1705 4691 Innocentii
1743 4642 1785 4692 Ι.
1845 4640 2177 4705 (402-417)
2220 4657 2266 4692 3.
2305 4640 2411 4692 415
2464 4640 2533 4693 311
2571 4640 2959 4704 Alexandrum,

304 4718 707 4778 Antiochenam
756 4718 1155 4788 patriarcham,
1204 4719 1361 4782 data,
1400 4737 1518 4788 cap.
1557 4719 1605 4772 3.
1649 4720 1953 4784 (Harduin.
2006 4719 2043 4771 l.
2082 4737 2126 4772 c.
2176 4719 2276 4772 col.
2319 4719 2529 4786 1013.)‚
2579 4719 2672 4773 ubi
2710 4720 2961 4774 Summus

303 4798 567 4852 Pontifex
604 4797 730 4852 huic
766 4798 1108 4868 patriarchae
1144 4800 1391 4862 mandat,
1442 4797 1524 4852 uti
1561 4798 1837 4867 sequitur:
1902 4797 2194 4864 „Gravitas
2243 4798 2428 4867 itaque
2465 4802 2561 4853 tua
2597 4800 2732 4854 haec
2769 4801 2839 4854 ad
2873 4818 2964 4854 no·
