3355 5328
1384 327 1563 382 Sectio
1600 329 1667 382 II.
1722 328 1755 395 ἓ
1792 328 1878 385 80.
2858 328 2961 382 145

298 488 524 551 autem
569 507 701 551 non
745 490 1178 570 receptarum,
1229 489 1331 552 est
1378 484 1672 551 collectio
1718 486 1883 551 haec
1933 488 2264 568 exclusiva,
2312 486 2354 553 i.
2401 507 2455 553 e.
2504 487 2653 552 illas
2699 509 2965 553 normas

290 581 459 666 juris
507 583 766 648 omnino
812 585 1052 650 tollens
1099 605 1213 649 seu
1262 585 1607 666 abrogans,
1702 583 1777 648 Id
1824 584 1995 665 quod
2048 583 2399 650 manifeste
2445 586 2658 651 elucet
2704 606 2740 650 e
2786 586 2964 650 bulla

294 681 759 765 publicationis
804 682 996 766 hujus
1044 680 1479 748 collectionis:
1526 683 1666 746 Rex
1706 681 2032 766 pacificae,
2082 703 2210 764 qua
2247 682 2430 767 Papa
2463 683 2817 765 Gregorius
2848 684 2960 748 IX.

294 800 418 862 pro
459 778 720 863 judiciis
781 783 849 845 et
909 780 1148 846 scholis
1208 780 1422 862 quoad
1482 779 1694 845 dictas
1752 800 2017 845 normas
2070 779 2235 863 juris
2296 780 2496 846 solius
2554 781 2747 864 hujus
2806 802 2966 847 suae

296 876 724 943 decretalium
792 877 1192 944 collectionis
1257 899 1445 942 usum
1503 876 1929 960 praescripsit
1990 880 2060 942 et
2118 877 2211 943 sic
2270 879 2669 961 reliquarum
2730 881 2964 945 collec-

293 973 553 1041 tionum
584 975 870 1041 omnium
902 997 1090 1041 usum
1122 975 1472 1059 prohibuit,
1521 978 1589 1040 et
1635 973 1903 1058 insuper
1934 975 2153 1054 etiam,
2204 977 2547 1058 quominus
2581 977 2724 1060 quis
2764 976 2962 1043 aliam

293 1072 787 1156 praedictarum
834 1094 1208 1138 normarum
1248 1071 1416 1157 juris
1463 1071 1911 1141 collectionem
1959 1073 2204 1155 absque
2251 1074 2518 1158 speciali
2567 1075 2752 1141 Sedis
2785 1076 2964 1159 Apo-

295 1169 576 1236 stolicae
620 1170 886 1237 licentia
932 1171 1307 1249 adornaret,
1354 1191 1585 1235 severe
1631 1169 1977 1236 interdixit
2007 1169 2047 1236 ¹.

483 1268 801 1334 Attamen
845 1269 969 1333 hoc
1015 1269 1197 1335 valet
1242 1268 1697 1334 tantummodo
1731 1267 1811 1333 de
1847 1267 1976 1333 illis
2022 1269 2267 1334 normis
2307 1269 2473 1352 juris
2520 1270 2962 1350 ecclesiastici,

296 1386 469 1448 quae
501 1366 586 1430 ad
609 1367 718 1451 jus
750 1366 1260 1433 ecclesiasticum
1292 1366 1600 1448 generale
1623 1364 2019 1448 (commune)
2044 1370 2365 1450 spectant,
2401 1388 2811 1450 nequaquam
2844 1391 2962 1434 au-

206 1479 217 1489 “
294 1468 439 1530 tem
470 1464 550 1529 de
581 1464 730 1543 inis,
780 1485 948 1547 quae
993 1465 1077 1529 ad
1107 1465 1215 1548 jus
1261 1462 1773 1530 ecclesiasticum
1812 1463 2094 1548 speciale
2135 1463 2522 1548 (singulare)
2554 1462 2961 1549 pertinent²;

293 1562 427 1626 hae
474 1561 646 1627 enim
677 1583 965 1641 normae,
1010 1562 1079 1627 in
1124 1561 1253 1627 illis
1285 1561 1863 1645 Compilationibus
1893 1563 2166 1641 relatae,
2213 1562 2369 1629 licet
2413 1563 2481 1627 in
2512 1563 2963 1630 collectionem

298 1659 775 1742 Gregorianam
834 1665 1138 1744 receptae
1184 1681 1314 1724 non
1361 1659 1494 1724 sint
1511 1709 1525 1737 ,
1586 1680 1706 1743 per
1750 1659 1874 1725 hoc
1934 1661 2142 1725 solum
2192 1662 2419 1726 valore
2465 1683 2584 1728 suo
2631 1684 2762 1728 non
2809 1667 2965 1729 sunt

297 1757 661 1824 destitutae
685 1758 731 1837 ³,
793 1779 870 1824 eo
918 1758 1090 1840 quod
1135 1758 1490 1823 secundum
1534 1757 1853 1841 principia
1892 1757 2058 1842 juris
2077 1808 2091 1836 ‚
2154 1758 2510 1824 universim
2559 1760 2805 1842 agnita,
2853 1762 2965 1826 lex

296 1855 627 1938 posterior
657 1855 1005 1938 generaIiS,
1054 1855 1264 1938 qualis
1296 1856 1542 1939 absque
1574 1856 1767 1922 dubio
1808 1856 2105 1923 collectio
2140 1857 2546 1940 Gregoriana
2592 1864 2713 1936 est,
2762 1859 2967 1942 priori

294 1953 433 2034 legi
492 1954 759 2038 speciali
806 1954 1135 2021 contraria
1153 2004 1167 2032 ,
1232 1954 1384 2019 huic
1428 1976 1559 2020 non
1606 1955 1884 2036 derogat
1901 2005 1915 2033 ‚
1979 1955 2103 2020 nisi
2163 1955 2229 2020 id
2277 1976 2588 2040 expresse
2634 1961 2890 2024 statuat
2915 1955 2961 2025 ⁴.

299 2049 497 2135 Cujus
544 2052 640 2117 rei
685 2051 855 2118 ratio
903 2051 971 2116 in
1018 2073 1094 2118 eo
1141 2051 1511 2137 reponitur,
1561 2053 1734 2134 quod
1753 2102 1767 2131 ,
1818 2074 1986 2135 quae
2033 2053 2408 2137 specialiter
2455 2054 2960 2133 constituuntur,

294 2149 735 2232 peculiaribus
783 2149 1291 2216 circumstantiis
1338 2149 1749 2234 respectivae
1779 2171 2101 2235 personae
2147 2152 2255 2216 vel
2302 2151 2654 2235 respectivi
2698 2152 2824 2218 loci
2862 2152 2964 2217 in-

297 2246 602 2313 nituntur
619 2298 633 2326 ‚
702 2252 769 2314 et
813 2247 965 2313 hinc
1007 2248 1298 2314 firmiora
1342 2248 1572 2313 haberi
1619 2248 1859 2314 debent
1919 2248 2047 2314 illis
2065 2298 2080 2326 ,
2144 2270 2312 2330 quae
2358 2250 2761 2330 generaliter
2808 2272 2961 2316 con-

297 2344 664 2412 stituuntur
717 2351 787 2412 et
833 2344 928 2411 sic
972 2345 1426 2412 tantummodo
1488 2346 1933 2411 communibus
1982 2346 2489 2413 circumstantiis
2534 2370 2962 2432 personarum

294 2444 409 2508 vel
454 2445 744 2509 locorum
791 2447 1245 2528 superstructa
1291 2449 1444 2510 sunt
1468 2442 1513 2510 ⁵.

560 2640 599 2728 ξ
646 2640 752 2710 80.
848 2643 1315 2712 consideratae
1362 2644 1432 2712 in
1477 2645 1804 2714 relatione
1853 2645 1938 2712 ad
1984 2646 2337 2714 Decretum
2384 2645 2706 2714 Gratiani.

475 2811 768 2877 Normae
792 2812 977 2896 juris,
1027 2814 1096 2878 in
1126 2814 1479 2879 Decretum
1514 2813 1814 2880 Gratiani
1843 2812 2155 2891 insertae,
2203 2834 2321 2897 per
2354 2813 2800 2879 collectionem
2848 2815 2959 2880 de-

296 2910 643 2976 cretalium
674 2910 895 2994 Papae
930 2910 1230 2992 Gregorii
1274 2911 1385 2977 IX.
1435 2912 1799 2993 abrogatae
1844 2933 1976 2976 non
2022 2915 2195 2989 sunt,
2244 2912 2360 2976 sed
2398 2910 2474 2992 in
2519 2932 2636 2977 suo
2682 2912 2958 2996 pristino

294 3009 528 3074 valore
572 3007 846 3075 relictae
893 3014 1066 3076 sunt.

477 3114 554 3179 Id
592 3115 733 3199 jam
764 3136 848 3180 ex
891 3136 967 3181 eo
1002 3114 1347 3198 colligitur,
1398 3115 1569 3197 quod
1611 3120 1914 3181 auctores
1946 3113 2488 3199 Compilationum
2522 3114 2957 3198 antiquarum,

297 3216 370 3279 et
431 3212 816 3279 nominatim
874 3215 1261 3279 Bernartius
1319 3214 1661 3298 Papiensis
1725 3217 1793 3279 et
1852 3213 2138 3278 Joannes
2200 3214 2496 3278 Galensis
2557 3212 2683 3293 (W
2674 3214 2957 3298 alensis),

295 3312 654 3377 Decretum
689 3310 986 3377 Gratiani
1021 3310 1508 3377 collectionibus
1556 3310 1691 3376 suis
1736 3331 2147 3393 nequaquam
2195 3310 2532 3375 eliminare
2577 3311 2685 3375 vel
2733 3333 2959 3395 super-

295 3409 501 3473 fluum
547 3409 839 3487 reddere,
890 3410 1006 3474 sed
1051 3409 1505 3475 tantummodo
1537 3429 1743 3490 usque
1791 3408 1873 3473 ad
1920 3428 2157 3473 aevum
2205 3429 2392 3472 suum
2440 3408 2820 3473 continuare
2868 3414 2955 3488 et,

295 3506 369 3571 in
415 3509 729 3589 quantum
773 3508 1044 3591 lacunas
1088 3507 1331 3572 habere
1377 3505 1758 3584 videbatur,
1823 3506 2148 3589 complere
2194 3505 2543 3571 voluerunt
2564 3501 2608 3584 ⁶,
2671 3510 2738 3571 et
2785 3508 2957 3588 quod

481 3684 501 3718 ¹
539 3681 654 3746 Quo
698 3684 952 3751 respectu
989 3685 1231 3735 Joannes
1267 3684 1520 3735 Andreae
1561 3681 1633 3751 (N
1635 3682 1818 3735 ovella
1868 3681 2254 3736 commentaria
2302 3680 2359 3733 in
2404 3678 2626 3733 Collect.
2664 3679 2957 3736 Decretall.

299 3760 529 3829 Gregor.
567 3762 690 3826 ΙΧ.,
741 3761 798 3814 in
843 3761 1048 3815 bullam
1099 3761 1508 3832 publicationis:
1559 3764 1681 3816 Rea:
1705 3764 1999 3831 pacificus,
2044 3780 2098 3816 v.
2137 3764 2284 3825 Rex,
2336 3761 2375 3814 Ι.
2415 3773 2468 3813 n.
2508 3759 2617 3828 31.)
2661 3759 2767 3814 ait:
2825 3760 2959 3826 „Qui

298 3858 431 3908 ergo
484 3842 784 3895 decretales
835 3841 1092 3910 antiquas
1129 3842 1231 3895 hoc
1267 3842 1542 3896 volumine
1579 3861 1686 3896 non
1728 3842 1963 3896 insertas
2011 3841 2069 3895 in
2113 3841 2335 3912 judiciis
2387 3839 2681 3907 allegaret,
2734 3840 2959 3895 crimine

296 3921 429 3976 falsi
463 3923 756 3986 teneretur,
798 3964 808 3975 .
839 3964 850 3975 .
881 3964 892 3975 .
921 3924 978 3975 et
1014 3922 1179 3976 etiam
1211 3922 1382 3993 judex
1398 3965 1411 3987 ,
1464 3922 1557 3991 qui
1608 3921 1942 3976 audientiam
1992 3922 2340 3987 commodat.“
2420 3920 2491 3974 Et
2534 3921 2763 3975 ulterius
2806 3921 2956 3990 (ibid.

294 4020 354 4056 n.
392 4001 536 4068 35.):
594 4001 696 4067 „Et
731 4001 811 4055 sic
848 4002 1082 4055 edictum
1136 4003 1201 4056 de
1252 4002 1721 4072 compilationibus
1760 4005 1844 4056 est
1893 4001 2352 4072 prohibitorium.“
2429 4000 2504 4054 Et
2543 4000 2765 4070 insuper
2809 4002 2956 4071 (ibid.

294 4100 355 4135 n.
381 4081 491 4149 38.)
533 4082 600 4137 de
624 4081 777 4151 Papa
807 4084 1069 4150 Greqorio
1095 4084 1195 4136 IX.
1235 4082 1461 4153 ejusque
1499 4082 1817 4137 collectione
1852 4082 2063 4136 ratione
2090 4081 2544 4151 Compilationum
2581 4083 2955 4152 antiquarum:

303 4160 721 4229 „Pluralitatem
759 4161 1054 4232 Corporum
1097 4162 1153 4231 (i.
1194 4181 1239 4216 e.
1293 4162 1701 4227 collectionum;
1754 4163 1852 4216 cfr.
1889 4161 2033 4216 infra
2068 4163 2217 4216 Part.
2255 4163 2349 4215 III.
2390 4178 2506 4231 cap.
2549 4163 2595 4215 1.
2636 4162 2669 4229 ἓ
2710 4163 2852 4230 154.)
2900 4162 2956 4215 in

293 4260 467 4296 unum
506 4242 713 4312 Corpus
763 4242 1010 4309 redigere
1058 4242 1228 4298 vult.“
1309 4243 1418 4297 Gfr.
1460 4245 1673 4297 Schulte
1685 4284 1702 4313 ‚
1753 4243 1854 4296 Die
1893 4242 2220 4297 Geschichte
2271 4243 2367 4296 der
2412 4240 2640 4306 Quellen
2655 4285 2668 4307 ,
2720 4245 2848 4296 tom.
2886 4243 2954 4297 II.

480 4404 501 4438 ²
541 4401 650 4456 Cfr.
690 4420 855 4472 supra
890 4421 942 4472 p.
983 4403 1032 4457 3.
1070 4407 1180 4458 not.
1223 4404 1269 4457 1.
1465 4403 1483 4436 ⁸
1522 4404 1735 4457 Schulte
1770 4403 1806 4457 l.
1847 4420 1892 4458 o.
1930 4421 1982 4473 p.
2024 4403 2107 4456 16.

479 4482 501 4514 ⁴
541 4483 770 4552 Schulte,
806 4481 908 4535 Die
944 4482 1118 4536 Lehre
1154 4500 1265 4537 von
1303 4484 1406 4537 den
1444 4483 1673 4549 Quellen
1711 4484 1806 4537 des
1848 4482 1999 4536 kath.
2039 4481 2476 4546 KirchenrechtS,
2514 4500 2565 4551 p.
2605 4482 2690 4536 87.
2729 4500 2811 4551 sq.

481 4563 501 4597 ⁵
542 4563 795 4631 Saviqny,
833 4561 1053 4633 System
1091 4563 1186 4617 des
1222 4562 1483 4631 heutigen
1519 4562 1846 4617 Romischen
1884 4562 2103 4617 Rechts.
2177 4562 2354 4616 Berol.
2396 4561 2536 4616 1840
2572 4579 2711 4631 sqq„
2747 4566 2875 4617 tom.
2914 4566 2956 4619 I.

289 4661 351 4715 p.
401 4641 555 4706 265.;
614 4644 789 4710 Unyer
805 4684 821 4712 ,
878 4641 1099 4713 System
1155 4643 1250 4697 des
1305 4647 1499 4698 osterr.
1554 4643 1775 4711 allgem.
1827 4642 2205 4697 Privatrechts
2226 4684 2240 4707 ,
2297 4642 2379 4695 ed.
2425 4642 2521 4696 IV.
2609 4642 2755 4713 Lips.
2808 4646 2944 4700 1876

286 4727 428 4778 tom.
467 4722 508 4776 I.
547 4740 600 4792 p.
641 4722 760 4776 106.

481 4803 503 4839 6
543 4801 653 4855 cfr.
692 4819 859 4872 supra
894 4821 947 4873 p.
989 4803 1107 4857 102.
1147 4819 1229 4872 sq.
1268 4806 1324 4857 et
1363 4804 1482 4858 119.

404 4901 652 4947 Laui-in,
687 4901 866 4949 Corpus
889 4901 985 4949 jur.
1013 4911 1112 4940 can.
2476 4897 2543 4945 10
