3355 5328
1317 325 1494 395 Caput
1530 325 1622 379 VI.
1681 324 1713 392 ἓ
1753 326 1836 379 36.
2837 326 2907 379 57

429 486 706 552 Inventa
765 489 910 552 arte
969 485 1447 569 typographica
1506 507 1661 551 mox
1722 485 1923 551 etiam
1968 486 2322 551 Decretum
2371 487 2670 554 Gratiani
2727 486 2906 570 typis

265 583 532 667 imprimi
577 583 810 668 coepit.
867 584 957 648 Et
990 583 1249 664 quidem
1279 582 1493 668 prima
1522 583 1790 649 Decreti
1822 582 2039 661 editi0‚
2088 588 2354 667 praeter
2390 585 2734 650 nonnullas
2767 586 2907 668 ejus

266 681 568 747 editiones
614 682 755 747 sine
802 702 973 747 611110
1021 680 1099 762 (s,
1136 681 1225 764 a.)
1253 681 1293 759 ¹,
1343 685 1543 762 atque
1575 681 1776 746 etiam
1822 681 1963 746 sine
2010 702 2180 746 anno
2229 685 2297 747 et
2342 683 2484 748 1000
2532 687 2601 748 et
2647 681 2905 747 nomine

265 779 649 863 typographi
694 779 774 860 (s,
810 802 867 845 a.
903 779 944 844 1.
980 783 1049 844 et
1079 801 1141 845 11.
1175 779 1256 862 t.)
1276 776 1323 857 ²,
1373 779 1669 844 omnibus
1716 778 1817 843 his
1861 778 2514 845 determinationibus
2559 780 2903 857 instructa,

264 876 492 960 prodiit
551 898 611 942 a.
676 880 842 943 1471
905 876 1335 959 Argentorati
1395 876 1568 960 apud
1612 875 1973 941 Hem-icum
2016 876 2405 960 Eggesteyn
2422 928 2437 956 ,
2499 877 2610 944 fol.
2632 928 2648 956 ‚
2710 898 2907 959 quam

262 975 431 1039 brevi
477 979 774 1059 tempore
819 975 1139 1059 plurimae
1186 974 1356 1040 aliae
1403 979 1671 1040 secutae
1719 977 1890 1052 sunt,
1940 975 2035 1039 uti
2083 974 2234 1040 ibid.
2280 996 2339 1041 a.
2380 978 2548 1041 1472
2597 996 2715 1057 sq„
2763 976 2906 1040 Mo-

262 1076 433 1153 gunt.
505 1075 674 1137 1472
737 1073 909 1157 apud
969 1073 1145 1138 Petr.
1211 1072 1525 1138 Schoiffer
1587 1073 1656 1137 in
1715 1071 1827 1138 fol.
1849 1123 1863 1150 ,
1930 1073 2165 1139 Venet.
2231 1075 2399 1138 1474
2462 1075 2635 1157 apud
2692 1073 2904 1139 Nicol.

261 1169 518 1248 Jenson,
566 1170 752 1237 Rom.
793 1172 962 1234 1474
1010 1171 1182 1253 apud
1217 1170 1455 1236 Simon.
1489 1170 1701 1235 Nicol.
1753 1171 1832 1235 de
1862 1171 2060 1247 Luca,
2109 1169 2243 1248 fol„
2291 1171 2489 1237 Basil.
2531 1174 2699 1238 1476
2734 1173 2906 1255 apud

261 1268 529 1333 Johann.
594 1269 675 1333 de
736 1268 1068 1351 Venigen,
1131 1268 1318 1334 Rom.
1382 1270 1553 1334 1476
1615 1268 1788 1352 apud
1851 1268 2089 1350 Georg.
2150 1269 2344 1335 Laur.
2406 1270 2485 1334 de
2545 1269 2903 1353 Herbipoli‚

262 1366 448 1433 Basil.
506 1367 671 1431 1481
723 1367 897 1449 apud
941 1366 1329 1431 Michaelem
1377 1366 1735 1444 Wenssler,
1786 1370 1855 1431 et
1901 1365 2055 1430 alibi
2077 1362 2121 1433 ³.

428 1464 612 1529 Inter
644 1485 807 1546 quas
840 1463 1181 1541 editioneS,
1233 1485 1400 1546 quae
1432 1484 1638 1546 usque
1670 1464 1755 1529 ad
1786 1463 2043 1530 initium
2075 1485 2245 1531 saec.
2279 1466 2454 1531 XVI.
2503 1467 2904 1550 prodierunt,

257 1560 320 1625 in
361 1562 577 1645 specie
624 1563 913 1627 notanda
973 1566 1075 1627 est
1120 1562 1234 1626 illa
1253 1611 1267 1639 ,
1331 1583 1499 1644 quae
1547 1584 1605 1628 a.
1661 1564 1829 1627 1505
1892 1562 2135 1646 prodiit
2179 1563 2450 1629 Parisiis
2510 1565 2682 1648 apud
2728 1564 2907 1630 Ulri-

259 1680 395 1723 cum
444 1660 689 1742 Gering
736 1664 804 1725 et
849 1659 1278 1726 Bertholdum
1318 1660 1625 1725 Rembolt
1671 1681 1831 1726 cura
1875 1661 2153 1727 Joamiis
2198 1663 2540 1747 Chappuis,
2588 1662 2909 1729 licentiati

251 1757 407 1840 juris
453 1757 522 1822 in
567 1757 1021 1824 Universitate
1068 1757 1438 1823 Parisiensi.
1534 1757 1714 1835 Quae
1762 1758 1981 1838 editi0‚
2049 1779 2246 1840 quum
2292 1760 2545 1843 priores
2592 1761 2909 1827 editiones

257 1855 586 1936 glossatae
634 1876 858 1921 omnes
921 1857 1165 1921 nudum
1212 1860 1604 1939 apparatum
1651 1857 2019 1938 glossarum
2038 1907 2051 1934 ,
2120 1878 2161 1921 a
2207 1858 2713 1926 Bartholomaeo
2760 1860 2907 1925 Bri-

255 1952 458 2018 xiensi
492 1954 902 2032 adornatum,
952 1954 1197 2036 absque
1229 1954 1377 2018 ullis
1409 1953 1877 2020 additamentis
1907 1953 2224 2033 referunt,
2261 1956 2400 2039 jam
2430 1958 2620 2041 plura
2652 1958 2907 2024 addita-

255 2056 472 2118 menta
499 2051 671 2117 dicto
698 2052 1044 2137 apparatui
1065 2052 1309 2137 partim
1333 2052 1611 2136 adjecta,
1644 2052 1888 2137 partim
1907 2052 2174 2130 inserta,
2203 2054 2488 2132 exhibet,
2524 2059 2592 2121 et
2615 2057 2907 2138 quidem:
3009 2074 3010 2077 ’

431 2153 488 2215 1.
542 2151 745 2215 Casus
791 2149 1154 2230 (historias)
1187 2151 1680 2216 Bartholomaei
1713 2150 2094 2229 BrixiensiS,
2144 2156 2343 2234 atque
2378 2155 2716 2220 divisiones
2751 2155 2908 2221 Gui-

257 2247 436 2313 donis
486 2248 567 2312 de
614 2247 857 2331 Baysio
887 2248 946 2324 ‘';
998 2269 1165 2330 quae
1213 2248 1664 2314 additamenta
1710 2250 1971 2331 glossae
2017 2249 2549 2333 praemittuntur.

428 2349 490 2412 2.
539 2346 740 2411 Plura
784 2347 1254 2425 additamenta,
1302 2347 1426 2432 ipsi
1472 2347 1754 2429 glossae,
1803 2347 2044 2430 partim
2077 2369 2223 2412 cum
2259 2348 2717 2434 inscriptione:
2768 2353 2902 2416 Ad-

258 2444 426 2527 ditio,
477 2443 722 2527 partim
769 2444 1015 2526 absque
1061 2444 1175 2510 illa
1220 2444 1491 2523 inserta,
1542 2448 1610 2510 et
1658 2444 1918 2526 quidem
1964 2445 2348 2511 nominatim

426 2541 495 2624 a)
544 2563 580 2606 e
626 2540 924 2623 legistae,
975 2542 1085 2624 qui
1117 2541 1456 2608 dicebatur
1490 2545 1759 2627 Quittus,
1798 2545 2149 2627 Quittonus,
2185 2543 2386 2609 etiam
2420 2547 2903 2631 Quittonicinus,

252 2641 317 2703 et
362 2638 797 2705 communiter
841 2660 960 2723 per
1006 2639 1566 2706 abbreviationem
1612 2661 1807 2706 voce:
1861 2642 2057 2707 Cinus
2101 2642 2374 2728 (Cynus)
2424 2642 2752 2727 designari
2798 2666 2905 2711 so-

252 2735 341 2803 let
362 2739 406 2816 5,
457 2738 740 2804 Lectura
787 2741 857 2802 in
904 2740 1234 2824 Diqestum
1279 2748 1451 2804 vetus
1474 2738 1497 2777 ⁶
1511 2764 1540 2822 ,·

422 2834 495 2917 b)
558 2836 601 2900 6
640 2835 916 2901 Rosario
962 2836 1227 2902 Decreti
1286 2837 1604 2903 Gnidonis
1666 2840 1745 2903 de
1804 2838 2063 2923 Baysic).
2156 2839 2262 2902 Ex
2323 2859 2449 2920 quo
2510 2840 2905 2923 proveniunt

251 2933 467 2998 omnia
514 2933 646 3010 illa,
697 2954 865 3015 quae
912 2935 994 2999 ab
1040 2934 1227 2999 initio
1274 2955 1536 3000 vocem:
1586 2937 1854 3000 Additio
1895 2937 2258 3019 praefixam
2289 2937 2536 3003 habent
2567 2941 2635 3003 et
2680 2939 2747 3003 in
2777 2940 2906 3004 fine

250 3113 818 3182 Stiftsbibliotheken,
874 3117 931 3170 in
982 3117 1098 3171 citt.
1149 3117 1330 3171 relatt.
1370 3134 1505 3171 3633.
1557 3120 1687 3172 tom.
1725 3116 1891 3171 LVII.
1942 3135 1994 3187 p.
2034 3118 2155 3171 575.
2193 3136 2244 3170 11.
2283 3118 2401 3181 47.,
2447 3135 2497 3188 p.
2538 3119 2657 3173 577.
2709 3138 2762 3173 n.
2802 3120 2906 3185 52„

248 3212 296 3263 p.
336 3196 458 3250 606.
499 3214 553 3250 11.
593 3197 710 3262 85.;
765 3199 940 3266 Idem,
989 3197 1103 3264 Iter
1137 3197 1426 3266 gallicum,
1478 3197 1534 3249 in
1572 3197 1688 3251 citt.
1729 3197 1909 3251 relatt.
1949 3214 2084 3250 sess,
2121 3200 2249 3251 tom.
2289 3197 2426 3251 LIX.
2480 3216 2530 3267 p.
2571 3199 2689 3253 366.
2729 3218 2781 3253 n.
2821 3200 2905 3265 II.,

248 3292 296 3343 p.
335 3275 459 3330 367.
500 3294 552 3331 n.
591 3276 712 3332 VII.
752 3281 808 3331 et
842 3277 1008 3342 VIII„
1046 3296 1097 3348 p.
1138 3278 1259 3333 398.
1297 3296 1350 3331 n.
1388 3277 1540 3342 LVI;
1579 3296 1630 3347 p.
1669 3278 1792 3331 401.
1832 3296 1883 3330 n.
1909 3276 2130 3341 LXIX.;
2170 3295 2220 3347 p.
2258 3278 2380 3332 420.
2418 3296 2470 3331 n.
2510 3278 2667 3344 XCL,
2704 3297 2755 3349 p.
2783 3280 2905 3334 421.

247 3372 296 3408 n.
347 3355 545 3411 XCIV.
600 3361 656 3411 et
701 3357 922 3421 XCVI.,
978 3376 1029 3428 p.
1080 3358 1204 3411 427.
1261 3376 1312 3411 11.
1354 3357 1546 3420 CXX,
1600 3357 1868 3421 CXXIII,
1925 3376 1975 3427 p.
2027 3358 2145 3411 128.
2197 3376 2249 3411 11.
2303 3357 2627 3422 CXXVIIL,
2679 3378 2729 3428 p.
2782 3360 2904 3413 429.

246 3452 296 3488 11.
336 3435 601 3502 ΟΧΧΙΧ.,
639 3456 689 3507 p.
727 3438 850 3491 443.
889 3456 941 3491 n.
983 3437 1240 3492 CLXXV.
1280 3441 1336 3491 et
1374 3437 1659 3492 CLXXVI.
1680 3480 1692 3502 ,
1744 3456 1795 3506 p.
1834 3438 1955 3491 471.
1994 3456 2045 3491 n.
2090 3436 2400 3491 CCXXXV.
2465 3437 2603 3491 Item
2642 3441 2905 3492 Aemilius

248 3516 566 3585 Fm'edbery,
604 3516 662 3570 in
699 3517 802 3571 citt
837 3517 1082 3587 prolegg.
1122 3518 1220 3571 col.
1260 3518 1424 3572 XCV.
1463 3535 1583 3586 sqq.

429 3602 445 3633 ¹
488 3596 586 3650 Uti
624 3601 710 3652 est
747 3597 801 3665 a)
845 3597 1095 3652 Gratiani
1119 3599 1411 3652 Decretum
1449 3616 1572 3652 cum
1599 3601 1881 3668 apparatu.
1933 3598 2125 3651 Venet.
2164 3616 2260 3667 per
2285 3598 2451 3651 Andr.
2492 3597 2558 3651 de
2586 3598 2906 3653 Torresanis

247 3675 311 3728 de
346 3676 542 3730 Asnla.
594 3676 647 3730 S.
699 3695 748 3731 a.
786 3678 871 3731 4⁰.
946 3678 1113 3731 Porro
1164 3678 1222 3745 b)
1267 3677 1516 3732 Gratiani
1551 3678 1844 3732 Decretum
1894 3695 2017 3732 cum
2069 3681 2334 3748 apparatu
2351 3719 2364 3741 ,
2416 3678 2760 3732 emendatum
2810 3698 2907 3749 per

247 3754 623 3826 Ghijsbertum
674 3758 740 3811 de
777 3756 1173 3812 Stoutenburch
1191 3800 1203 3822 ,
1254 3757 1310 3811 in
1360 3761 1590 3826 utroque
1631 3758 1755 3827 jure
1806 3757 2178 3811 doctissimum
2194 3799 2208 3822 ,
2260 3775 2422 3827 opera
2472 3761 2530 3811 et
2578 3757 2907 3813 liberalitate

246 3835 361 3889 Ade
401 3838 470 3890 de
510 3836 727 3907 Rotwyl
763 3837 1011 3891 Venetiis
1047 3838 1387 3907 impressum.
1426 3836 1478 3891 S.
1519 3856 1568 3891 a.
1605 3838 1690 3892 4⁰.
1749 3837 1941 3907 (Ham,
1984 3837 2363 3907 Repertorium
2402 3837 2906 3909 bibliographicum,

246 3914 327 3969 ed.
366 3915 665 3983 Stuttgart.
705 3920 762 3970 et
796 3917 969 3971 Paris,
1013 3917 1383 3982 1826-1828,
1421 3917 1528 3970 vol.
1568 3918 1609 3971 I.
1632 3920 1788 3988 ‚part
1826 3918 1877 3971 2.
1918 3935 1969 3987 p.
2007 3918 2130 3971 496.
2169 3935 2222 3971 n.
2262 3917 2418 3971 7881.
2458 3918 2565 3986 sq.)

427 3998 450 4032 ²
491 3998 719 4066 Panzer,
759 3996 1092 4067 Conspectus
1116 3999 1585 4051 monumentorum
1623 3997 2141 4067 typographicorum
2167 4014 2307 4051 saec.
2337 3997 2454 4051 XV.
2482 3997 2719 4052 Norimb.
2752 4000 2906 4063 1797,

244 4092 293 4144 p.
332 4076 461 4131 228.
500 4094 552 4129 11.
590 4078 677 4132 40.

427 4158 449 4192 ³
491 4158 703 4210 Panzer
738 4156 774 4211 l.
814 4175 858 4211 0.
898 4175 950 4228 p.
988 4158 1110 4212 228.
1149 4174 1263 4226 311.;
1302 4159 1456 4211 Hain
1493 4156 1529 4211 1.
1568 4175 1614 4211 c.
1654 4175 1706 4228 p.
1745 4158 1867 4211 496.
1906 4175 2026 4226 sqq.

423 4237 451 4271 4
491 4236 720 4306 Schulte,
758 4236 858 4290 Die
884 4236 1078 4291 Glosse
1103 4254 1227 4290 zum
1251 4237 1452 4291 Decret
1477 4236 1752 4301 GratianS,
1790 4237 1847 4289 in
1872 4237 1963 4291 cit.
1990 4236 2203 4307 scriptt.
2230 4236 2582 4291 memorabill.
2607 4241 2737 4292 tom.
2759 4238 2889 4291 XXI

248 4319 388 4384 part.
430 4316 483 4369 2.
562 4357 573 4370 .
614 4317 700 4371 83.
740 4334 821 4385 311.

426 4397 449 4431 ⁵
487 4334 557 4449 Isls³
591 4395 700 4450 fuit
746 4396 924 4466 patria
960 4396 1311 4451 Pistoriensis
1353 4396 1587 4467 (Pistoja
1633 4397 1690 4450 in
1727 4395 1947 4464 Tuscia)
2005 4400 2061 4451 et
2111 4397 2383 4466 professor
2428 4396 2569 4467 juris
2620 4397 2801 4451 civilis
2848 4398 2906 4451 in

244 4475 716 4530 Universitatibus
741 4475 981 4540 Senensi,
1019 4476 1221 4531 Pisana
1259 4480 1315 4530 et
1338 4476 1650 4530 Florentina
1694 4475 1749 4543 (†
1778 4475 1960 4544 1336).
2013 4476 2122 4530 Cfr.
2151 4478 2404 4545 Saviyny‚
2445 4474 2772 4531 Geschichte
2811 4478 2908 4532 des

242 4562 375 4610 r6m.
416 4556 627 4610 Rechts
661 4555 736 4610 im
774 4556 1113 4620 Mittelalter,
1150 4559 1279 4609 tom.
1319 4556 1412 4609 VI.
1451 4574 1502 4625 p.
1542 4556 1627 4610 72.
1665 4572 1787 4624 sqq.

426 4637 451 4674 ⁶
491 4638 727 4705 Saviqny
763 4636 799 4690 1.
837 4654 884 4691 0.
923 4654 974 4705 p.
1013 4637 1098 4690 91.
1137 4653 1258 4705 sqq.
1320 4637 1401 4690 De
1436 4639 1650 4704 Diqesto
1689 4638 1863 4689 Veteri
1900 4637 1999 4690 cfr.
2036 4635 2179 4689 infra
2216 4635 2444 4705 append.
2484 4652 2601 4706 cap.
2640 4637 2686 4691 1.
2725 4641 2828 4691 art.
2855 4638 2905 4693 3.

240 4716 273 4783 ἓ
303 4717 389 4770 15.
441 4715 768 4786 Hujusmodi
804 4715 1235 4769 additamentum
1259 4715 1496 4770 occurrit
1526 4733 1580 4769 V.
1607 4732 1660 4782 g.
1702 4714 1760 4767 in
1796 4715 1870 4783 gl.
1897 4716 1967 4769 ad
2004 4733 2050 4769 c.
2077 4716 2128 4769 6.
2166 4714 2231 4768 D.
2258 4714 2403 4767 XIX.
2429 4732 2484 4768 v.
2500 4717 2708 4785 plures,
2748 4717 2906 4787 eique

240 4795 621 4866 praemittitur
656 4814 795 4850 vox:
835 4798 1076 4860 Additio,
1115 4800 1172 4850 et
1207 4795 1556 4867 subjungitur
1593 4795 1764 4863 sigla:
1808 4797 1901 4864 Cy.
1941 4797 2121 4860 (nus).
