3355 5328
349 319 386 373 4
1474 325 1880 393 Prolegomena.

851 518 890 603 ξ
937 515 1002 585 4.
1093 519 1505 586 Introductio
1551 519 1621 586 in
1669 520 1912 607 corpus
1956 520 2132 608 juris
2183 523 2496 590 canonici.

531 690 661 755 Sub
706 689 1187 755 introductione
1231 689 1301 754 in
1346 690 1594 774 Corpus
1632 689 1801 772 juris
1847 689 2140 755 canonici
2188 691 2755 775 comprehenditur
2798 714 3003 776 gene-

347 787 546 854 ratim
593 788 926 854 enarratio
973 809 1198 853 eorum
1217 838 1232 867 ,
1295 807 1462 869 quae
1510 788 1593 852 ad
1652 787 2149 869 intelligendum
2195 788 2441 872 Corpus
2493 789 2659 873 juris
2706 791 3003 857 canonici

345 886 697 969 pertinent,
746 890 815 952 et
858 885 927 950 in
973 885 1190 969 specie
1236 883 1610 969 explicatio,
1660 906 1828 967 quae
1874 885 2291 951 collectiones
2329 886 2497 970 juris
2528 888 2820 954 canonici
2865 890 3003 956 sint

344 983 605 1068 proprie
652 984 736 1049 ad
782 984 1029 1068 Corpus
1067 982 1235 1067 juris
1281 982 1575 1048 canonici
1619 983 2003 1048 referendae
2022 1033 2037 1062 ,
2098 1005 2294 1067 porro
2355 1006 2522 1067 quae
2580 985 2713 1051 sint
2772 1007 2999 1053 earum

345 1082 529 1164 origo
548 1132 563 1161 ,
623 1082 902 1147 materia
920 1132 934 1159 ‚
983 1081 1197 1146 forma
1243 1085 1312 1147 et
1356 1081 1460 1146 vis
1477 1131 1492 1160 ,
1545 1102 1714 1164 quae
1759 1080 2007 1146 fuerint
2052 1102 2358 1148 successu
2408 1084 2722 1168 temporis
2770 1106 3000 1151 earum

343 1179 488 1245 fata
518 1230 533 1257 ‚
583 1200 751 1261 quae
797 1179 929 1244 sint
973 1178 1365 1262 praecipuae
1412 1199 1638 1244 earum
1686 1178 2004 1244 editiones
2021 1229 2036 1258 ,
2100 1183 2169 1245 et
2215 1200 2382 1261 quae
2440 1202 2559 1264 pro
2607 1203 2831 1248 earum
2880 1205 3000 1248 ex-

342 1277 721 1360 planatione
767 1275 1109 1360 aptissima
1156 1275 1447 1342 subsidia
1492 1276 1840 1342 litteraria.

523 1376 708 1441 Haec
740 1378 962 1440 autem
998 1374 1201 1453 illum,
1247 1374 1356 1457 qui
1390 1395 1632 1452 eorum,
1667 1395 1836 1457 quae
1866 1375 1935 1440 in
1966 1374 2248 1459 Corpore
2287 1375 2455 1459 juris
2501 1377 2793 1442 canonici
2841 1399 2999 1444 con-

341 1473 654 1551 tinentur,
703 1493 937 1538 verum
983 1493 1248 1537 sensum
1296 1475 1364 1538 et
1408 1472 1703 1537 valorem
1750 1492 2142 1554 cognoscere
2182 1472 2363 1551 velit,
2411 1474 2779 1540 necessario
2828 1475 3000 1541 scire

342 1571 597 1650 debere,
645 1593 763 1655 per
807 1591 879 1636 se
906 1570 1346 1636 'manifestum
1393 1573 1514 1635 est.

1211 1777 1250 1862 ξ
1299 1775 1357 1844 5.
1450 1777 1734 1844 Partitio
1780 1779 2121 1846 materiae.

517 1947 864 2013 Praefatas
911 1947 1326 2013 collectiones
1374 1968 1715 2024 canonum,
1766 1946 2011 2030 Corpus
2050 1947 2217 2030 juris
2264 1947 2557 2013 canonici
2588 1949 2994 2016 constituen-

338 2048 460 2123 teS‚
509 2045 807 2128 proxime
852 2045 920 2110 in
968 2047 1136 2111 duas
1170 2053 1395 2130 partes
1443 2045 1826 2127 digerimUS,
1881 2045 1950 2109 in
1996 2066 2270 2127 quarum
2315 2045 2534 2130 priore
2581 2047 2661 2112 de
2706 2048 2991 2115 Decreto

339 2143 638 2208 Gratiani
669 2143 908 2225 agitur,
957 2143 1025 2207 in
1058 2143 1289 2221 altera,
1340 2142 1551 2208 divisa
1591 2143 1659 2207 in
1690 2144 2004 2226 sectioneS,
2055 2142 2134 2207 de
2170 2142 2439 2225 reliquis
2484 2143 2744 2209 illarum
2792 2147 2991 2213 colle—

337 2240 646 2318 ctionum,
678 2240 965 2306 maxime
985 2240 1353 2324 pontificias
1384 2240 1696 2324 epistolas
1717 2239 2078 2305 decretales
2106 2240 2606 2320 continentibus,
2639 2245 2991 2312 tractatur.

513 2339 650 2404 Illis
698 2340 947 2404 duabus
1007 2338 1304 2422 partibus
1364 2338 1626 2403 additur
1671 2340 1892 2420 tertia,
1955 2358 2084 2419 qua
2145 2338 2223 2402 de
2282 2338 2767 2421 praedictarum
2819 2342 2990 2424 juris

334 2436 628 2502 canonici
675 2436 1128 2502 collectionum
1183 2439 1501 2521 compleam
1560 2456 1679 2500 seu
1738 2435 1817 2499 de
1866 2429 2141 2520 'Corpore
2184 2437 2365 2519 juris
2410 2439 2699 2501 canonici
2745 2438 2986 2519 agitur.

513 2534 755 2611 Quibus
787 2534 1159 2600 adnectitur
1193 2536 1517 2619 appendix
1549 2534 1627 2598 de
1663 2533 1937 2617 Corpore
1967 2535 2147 2617 juris
2179 2536 2380 2598 civilis
2425 2537 2695 2618 romani,
2743 2535 2811 2599 in
2857 2557 2989 2618 qua

333 2632 614 2698 strictim
661 2653 740 2698 ea
779 2634 1248 2718 proponuntur,
1298 2652 1465 2714 quae
1509 2630 1821 2697 studiosis
1859 2630 2027 2714 juris
2074 2630 2386 2710 canonici,
2433 2630 2502 2695 in
2533 2631 2779 2717 Corpus
2817 2634 2987 2717 juris

334 2731 625 2796 canonici
670 2732 932 2815 penitus
977 2730 1464 2796 introducendis
1487 2780 1502 2809 ,
1563 2731 1720 2794 sunt
1767 2728 1846 2792 de
1893 2727 2176 2812 Corpore
2233 2728 2401 2811 J’uris
2461 2729 2670 2795 civilis
2729 2733 2989 2797 romani

333 2829 502 2894 scitu
546 2829 936 2895 necessaria.
