3355 5328
1462 304 1640 363 sectio
1676 305 1774 359 111.
1826 304 1860 373 5
1898 306 1983 361 98.
2949 305 3052 371 16⁸1

389 485 453 531 u.
504 465 586 530 ad
639 467 740 533 17.
774 466 818 532 J
819 466 932 533 ulii
983 469 1151 533 1245
1199 467 1424 534 habito
1455 467 1497 546 ¹,
1546 467 2114 537 constitutionem:
2135 534 2140 541 ,
2162 469 2460 535 Romana
2500 467 2806 551 Ecclesia,
2855 486 3052 547 quam

391 562 735 630 occasione
782 584 1048 644 causae,
1111 565 1287 632 inter
1331 566 1375 632 J
1375 567 1638 646 uellum,
1687 566 2124 633 Rhemensem
2171 564 2749 648 archiepiscopum,
2798 567 2866 629 et
2912 564 3053 648 ejus

390 662 848 747 suffraganeos
907 683 1130 730 coram
1191 685 1262 730 se
1307 663 1609 747 Lugduni
1669 663 1967 747 agitatae
2007 666 2083 739 ,et
2128 663 2212 733 ab
2255 662 2399 748 ipso
2460 662 2718 728 decisae
2736 712 2753 741 ,
2812 661 3053 728 ibidem

390 758 496 827 die
547 758 648 828 17.
696 761 922 828 Martii
973 764 1142 827 1246
1190 762 1490 831 ediderat
1513 761 1558 840 ²,
1619 762 1689 828 in
1737 765 1945 828 decem
1991 761 2242 846 capita,
2306 760 2538 844 quibus
2585 759 2883 826 omnibus
2928 759 3052 825 ini-

387 857 584 924 tiales
614 880 814 925 voces
845 860 1135 944 ejusdem
1169 859 1673 938 constitutionis»,
1725 861 2021 928 Romana
2052 860 2355 943 Ecclesia,
2388 858 2716 943 praefixit,
2751 857 3049 938 divisam,

388 978 521 1023 una
566 979 713 1024 cum
760 958 1074 1026 decretali
1103 959 1325 1044 Papae
1359 961 1656 1045 Greyorii
1686 959 1831 1043 IX„
1881 979 2050 1041 quae
2079 956 2339 1041 incipit:
2386 957 2852 1041 Praesentium,
2898 960 3052 1041 post

386 1054 894 1139 publicationem
953 1056 1160 1141 ipsius
1220 1056 1623 1123 collectionis
1685 1055 2111 1123 decretalium
2158 1054 2245 1136 (a.
2300 1054 2500 1137 1234)
2560 1054 2646 1121 ad
2689 1054 3051 1121 Rothoma-

388 1173 661 1237 gensem
706 1153 775 1219 in
808 1154 1021 1223 Gallia
1067 1154 1628 1239 archiepiscopum
1674 1153 1849 1221 circa
1894 1175 2181 1232 causam,
2229 1152 2406 1220 inter
2444 1153 2753 1219 abbatem
2786 1155 2855 1219 et
2897 1173 3052 1223 con-⁴

387 1254 662 1317 ventum
707 1252 1042 1336 cujusdam
1088 1252 1472 1319 monasterii
1518 1252 1893 1319 dioeceseos
1938 1250 2441 1334 Andegavensis
2487 1248 2805 1334 (Angers)
2851 1252 3053 1332 atque

386 1348 676 1434 priorem
739 1354 809 1417 et
871 1354 1266 1417 conventum
1330 1350 1668 1435 cujusdam
1719 1349 2115 1431 monasterii
2184 1348 2559 1415 dioeceseos
2620 1347 3054 1430 Lingonensis

388 1445 741 1531 (Langres)
773 1448 1118 1531 agitatam,
1153 1447 1403 1515 directa
1425 1445 1469 1528 ³,
1503 1448 1623 1514 sub
1654 1447 1969 1532 peculiari
1999 1448 2209 1515 bulla:
2262 1448 2419 1514 Cum
2451 1449 2617 1512 inter
2646 1445 3052 1531 venerabiles,

388 1545 449 1611 d.
501 1545 561 1611 d.
609 1545 910 1629 Lugduni
969 1546 1075 1612 die
1122 1549 1226 1612 21.
1276 1545 1524 1631 Aprilis
1575 1547 1746 1613 1246
1774 1545 1820 1624 ⁴,
1886 1545 1974 1611 ad
2031 1544 2468 1611 Parisiensem
2528 1543 3052 1610 Universitatem

385 1640 787 1722 transmisit,
850 1667 996 1711 cum
1041 1645 1352 1712 mandato
1368 1694 1386 1724 ,
1443 1649 1518 1711 ut
1561 1644 1729 1723 haec
1772 1643 1901 1709 illis
1948 1642 2524 1710 constitutionibus
2568 1642 2638 1709 in
2676 1640 2936 1726 judiciis
2982 1646 3052 1713 et

385 1740 457 1808 in
500 1742 741 1809 scholis
787 1747 1086 1811 uteretur
1133 1763 1375 1826 easque
1420 1742 1690 1827 insuper
1735 1741 2104 1809 collectioni
2146 1740 2573 1811 decretalium
2605 1739 3051 1823 Gregorianae

386 1839 456 1905 in
500 1840 712 1906 titulis
752 1841 948 1925 juxta
992 1841 1173 1926 ipsas
1220 1840 1586 1923 designatis
1630 1840 1833 1909 inseri
1880 1844 2143 1906 curaret
2168 1840 2213 1906 5.

573 2067 589 2100 ¹
631 2065 885 2133 Potthaet,
922 2064 1166 2132 Regesta
1202 2062 1418 2118 Pontiff.
1457 2063 1666 2117 Romm.
1706 2061 1816 2116 vol.
1852 2062 1921 2115 ΙΙ.
1961 2079 2012 2132 p.
2052 2062 2173 2117 992.
2179 2064 2369 2118 -996.

573 2145 593 2179 ²
630 2143 898 2201 Scribitur
953 2162 1073 2198 esse
1126 2145 1287 2200 data:
1351 2143 1526 2208 ‚,.XVI
1578 2142 1703 2197 Kal.
1755 2141 1927 2212 April.
1965 2142 2324 2198 Pontificatus
2371 2159 2420 2197 a.
2459 2142 2540 2196 3.“
2620 2140 2761 2196 Vide
2814 2141 3053 2194 Potthaet

385 2223 424 2278 l.
464 2242 510 2277 c.
550 2242 601 2294 p.
643 2224 798 2278 1020.
838 2224 968 2279 sub:
1025 2242 1101 2289 ,‚.a
1145 2224 1298 2288 1246,
1336 2223 1499 2277 Mart.
1542 2224 1625 2278 17.
1665 2222 1982 2290 Lugduni“;
2034 2240 2193 2292 porro
2230 2208 2354 2275 Elia
2389 2224 2608 2291 Berqer,
2644 2221 2751 2274 Les
2787 2219 3051 2288 registres

387 2303 703 2358 d'Innocent
737 2304 831 2358 IV.
882 2304 1040 2358 Paris
1081 2303 1449 2368 1884—1887,
1486 2306 1614 2356 tom.
1654 2302 1696 2356 Ι.
1736 2321 1787 2373 p.
1827 2302 1947 2356 273.
1986 2321 2037 2356 ιι.
2082 2303 2234 2356 1831.
2310 2302 2442 2356 Inde
2479 2304 2662 2355 autem
2698 2300 3050 2354 manifestum

386 2387 490 2448 est,
527 2401 636 2437 non
660 2384 903 2454 potuisse
928 2384 1070 2438 hanc
1095 2383 1540 2438 constitutionem
1566 2383 1753 2453 Papae
1778 2381 2078 2436 Innocentii
2103 2383 2196 2436 IV.
2219 2382 2334 2453 jam
2360 2391 2484 2436 ante
2507 2381 2808 2435 Concilium
2832 2379 3049 2448 Lugdu-

384 2481 555 2519 nense
573 2464 617 2518 Ι.
642 2463 924 2534 publicari,
944 2464 1027 2518 uti
1046 2464 1247 2519 asserit
1266 2466 1480 2519 Schulte
1502 2463 1625 2533 (Die
1644 2462 1985 2526 Decretalen,
2004 2462 2062 2516 in
2082 2463 2197 2518 citt.
2219 2463 2400 2518 relatt.
2420 2480 2556 2517 sess.
2577 2481 2628 2532 p.
2647 2462 2769 2518 706.
2789 2465 2899 2515 not.
2919 2459 3048 2528 16.).

567 2543 588 2577 ⁸
628 2543 777 2610 Quae
831 2544 1120 2599 decretalis
1169 2545 1405 2600 refertur
1455 2543 1512 2598 in
1551 2543 1802 2614 Corporis
1847 2543 1953 2614 jur.
1993 2560 2110 2599 can.
2128 2585 2142 2608 ,
2200 2544 2282 2598 ed.
2322 2543 2465 2598 Just.
2506 2541 2761 2610 Henning
2798 2541 3049 2607 ΒὸΙιιιιθι,

386 2623 563 2680 Halae
599 2623 784 2693 Magd.
828 2624 982 2691 1747,
1020 2628 1149 2680 tom.
1189 2624 1257 2680 H.
1297 2625 1525 2697 append.
1565 2623 1660 2679 III.
1702 2624 1801 2678 col.
1841 2623 1963 2679 355.
2004 2640 2086 2693 sq.
2127 2641 2244 2695 cap.
2285 2624 2371 2679 20.
3043 2619 3047 2623 ’

565 2706 590 2740 ⁴
625 2705 768 2759 Data
825 2723 945 2760 esse
1000 2706 1290 2761 scribitur:
1354 2707 1476 2772 „XL
1528 2706 1650 2759 Kal.
1707 2704 1844 2776 Maji
1897 2703 2256 2758 Pontificatus
2316 2723 2365 2760 a.
2419 2705 2499 2759 3.·‘
2518 2747 2530 2770 ,
2588 2703 2730 2773 quod
2786 2706 2904 2757 est:
2962 2702 3049 2755 die
3132 2758 3135 2762 ,

385 2785 472 2839 21.
512 2784 718 2855 Aprilis
765 2787 902 2840 1246
947 2785 1210 2855 (Pot'thast
1246 2786 1282 2841 l.
1321 2804 1366 2841 c.
1407 2805 1458 2856 p.
1502 2786 1655 2840 1022.
1706 2802 1760 2839 ιι.
1805 2784 1869 2838 12
1887 2783 2055 2853 062.).
2132 2784 2365 2839 Proinde
2402 2784 2505 2839 hec
2543 2786 2757 2839 Schulte
2791 2783 2827 2836 l.
2867 2800 2913 2837 c.
2951 2782 3049 2836 mi·

384 2881 489 2917 nus
525 2868 676 2919 recte
711 2865 906 2930 reddit,
930 2866 1158 2920 dicens:
1201 2866 1364 2932 „Also
1389 2868 1477 2920 21.
1503 2867 1635 2936 Apr.
1665 2866 1851 2919 1245.“
1906 2865 2049 2919 Nam
2084 2864 2209 2919 inde
2247 2883 2279 2919 a
2317 2864 2404 2919 die
2429 2866 2514 2919 25.
2544 2865 2668 2918 Jun.
2699 2863 2839 2917 1243
2874 2878 3050 2931 usque

384 2944 453 2999 ad
494 2944 637 2998 diem
675 2945 761 3000 24.
803 2946 928 3000 Jun.
973 2946 1112 3000 1244
1149 2946 1320 3001 currit
1356 2946 1714 3000 Pontificatus
1752 2944 2054 2999 Innocentii
2091 2944 2185 2999 IV.
2224 2962 2399 2999 annus
2440 2945 2517 3009 1.;
2572 2944 2698 2998 inde
2735 2962 2768 2998 a
2804 2943 2891 2997 25.
2920 2942 3047 2996 Jun.

387 3025 527 3078 1244
553 3055 620 3065 —-
648 3026 734 3079 24.
776 3026 901 3080 Jun.
943 3027 1082 3081 1245
1120 3043 1295 3081 annus
1321 3028 1388 3091 2.,
1427 3030 1594 3096 atque
1630 3026 1758 3080 inde
1796 3044 1828 3080 a
1854 3027 1940 3079 25.
1969 3025 2096 3079 Jun.
2128 3025 2452 3079 1245—24.
2482 3026 2608 3079 Jun.
2634 3025 2771 3079 1246
2797 3040 2972 3079 annus
2997 3023 3047 3076 3.

383 3104 503 3171 Qua
527 3104 738 3160 ratione
758 3106 875 3160 dies
892 3106 986 3160 XI.
1007 3106 1130 3161 Kal.
1151 3106 1286 3178 Maji
1316 3107 1425 3176 (21.
1446 3106 1643 3177 April.)
1667 3106 1825 3160 Pont.
1854 3124 1901 3160 a.
1924 3106 1973 3159 3.
1994 3122 2340 3175 nequaquam
2365 3106 2434 3160 ad
2454 3120 2654 3159 annum
2677 3105 2830 3169 1245,
2856 3103 2952 3158 sed
2978 3103 3050 3158 ad

383 3203 585 3240 annum
613 3185 751 3240 1246
777 3186 1029 3257 pertinet.
1081 3187 1213 3240 Inde
1249 3186 1412 3241 simul
1445 3189 1612 3257 patet,
1649 3204 1759 3239 non
1783 3186 2026 3255 potuisse
2064 3185 2205 3240 hanc
2229 3185 2434 3239 bullam
2454 3185 2568 3256 jam
2595 3188 2722 3240 ante
2749 3183 3049 3239 Concilium

382 3265 639 3334 generale
664 3266 1026 3334 Lugdunense
1050 3268 1091 3321 I.
1120 3267 1311 3332 emitti,
1349 3266 1432 3321 uti
1456 3269 1616 3337 putat
1643 3267 1858 3320 Schulte
1886 3265 2010 3334 (Die
2035 3265 2375 3330 Decretalen,
2410 3265 2447 3319 l.
2474 3282 2520 3320 c.
2548 3284 2598 3335 p.
2628 3267 2748 3320 706.
2775 3268 2885 3319 not.
2917 3263 3047 3332 16.).

564 3347 586 3383 ⁵
623 3345 774 3411 Quae
808 3346 959 3401 bulla
974 3389 987 3411 ‚
1039 3347 1109 3402 ab
1146 3350 1449 3415 Aaquetino
1493 3347 1727 3400 Theiner
1760 3345 1819 3399 in
1857 3345 2041 3401 codice
2076 3363 2177 3400 ms.
2216 3344 2578 3401 bibliothecae
2614 3344 2907 3400 nationalis
2944 3344 3047 3400 Pa-

382 3425 601 3480 risienis
644 3425 764 3495 (lat.
802 3427 938 3481 mbr.
965 3445 1018 3481 n.
1045 3426 1229 3496 4295.)
1257 3427 1499 3491 inventa,
1536 3426 1631 3480 ubi
1666 3426 1813 3494 gerit
1847 3425 2284 3496 inscriptionem:
2330 3424 2736 3492 „Institutiones
2774 3429 2831 3479 et
2867 3425 3048 3480 decre-

382 3506 528 3561 tales
567 3506 868 3561 Innocentii
904 3507 997 3561 IV.
1050 3525 1214 3578 super
1251 3525 1417 3562 causa
1453 3524 1634 3561 coram
1690 3507 1807 3577 ipso
1863 3506 2006 3560 inter
2056 3506 2520 3577 archiepiscopum
2566 3505 2940 3561 rehemensem
2990 3509 3049 3560 et

384 3587 504 3657 ejus
541 3588 915 3654 suffraganeos
953 3586 1215 3654 agitata“,
1263 3591 1321 3642 et
1357 3587 1425 3642 ab
1463 3605 1525 3641 eo
1561 3586 1620 3640 in
1652 3586 1855 3657 ipsius:
1908 3586 2252 3642 Recherches
2288 3604 2384 3641 sur
2421 3586 2693 3657 plusieurs
2730 3586 3045 3643 collections

381 3666 617 3721 inedites
654 3666 750 3721 des
787 3666 1103 3722 Decretales
1120 3709 1132 3729 ‚
1190 3667 1349 3722 Paris
1391 3667 1527 3722 1832
1543 3709 1558 3732 ,
1604 3686 1655 3737 p.
1697 3668 1782 3721 66.
1800 3709 1813 3731 ‚
1860 3684 1961 3721 nec
1995 3684 2105 3722 non
2139 3667 2197 3721 in
2232 3666 2433 3738 ipsius:
2485 3666 2907 3735 Disquisitiones
2944 3667 3045 3722 cri·

381 3745 555 3811 ticae,
609 3746 690 3800 ed.
729 3746 886 3800 Paris
927 3748 1094 3811 1836,
1146 3765 1197 3818 p.
1241 3747 1360 3801 137.
1401 3746 1702 3817 descripta,
1754 3746 1810 3799 in
1849 3746 2081 3817 Corpore
2113 3747 2219 3819 jur.
2259 3765 2377 3803 can.
2400 3790 2413 3812 ‚
2466 3748 2547 3801 ed.
2588 3749 2643 3801 J.
2683 3748 2755 3801 H.
2794 3749 3047 3818 Bo'hmer,

380 3826 419 3880 l.
458 3844 504 3881 c.
553 3825 653 3880 col.
693 3827 814 3881 352.
868 3844 985 3898 cap.
1025 3828 1075 3881 6.
1129 3828 1366 3882 adducta
1403 3830 1490 3881 est
1525 3827 1611 3881 his
1648 3826 1864 3881 verbis:
1920 3827 2297 3893 „Innocentius
2334 3828 2649 3899 episcopus,
2701 3845 2897 3883 servus
2933 3846 3045 3883 ser·

381 3924 576 3964 vorum
612 3906 742 3972 Dei,
795 3906 1010 3961 dilectis
1047 3907 1175 3961 filiis
1224 3906 1574 3961 universitati
1624 3907 2012 3975 magistrorum
2062 3907 2353 3962 scolarium
2390 3907 2619 3963 Parisiis
2670 3909 3045 3963 commoranti-

382 3986 485 4040 bus
521 3986 755 4041 salutem
793 3991 850 4042 et
886 3987 1243 4057 apostolicam
1295 3986 1740 4042 benedictionem.
1816 3987 1954 4041 Cum
2002 3987 2147 4042 inter
2195 3988 2538 4043 venerabiles
2593 3990 2793 4044 fratres
2829 3993 3045 4046 nostros

381 4066 706 4121 Remensem
743 4066 1208 4138 archiepiscopum
1246 4085 1317 4122 ex
1353 4071 1508 4138 parte
1545 4085 1654 4121 una
1681 4071 1738 4121 et
1773 4067 1948 4138 ipsius
1982 4069 2359 4136 suffraganeos
2396 4087 2462 4124 ac
2499 4069 2728 4125 dilectos
2763 4070 2904 4125 filios
2927 4074 3044 4126 tam

380 4146 776 4201 cathedralium
815 4164 980 4215 quam
1016 4147 1247 4201 aliarum
1283 4146 1637 4202 ecclesiarum
1675 4147 1932 4218 capitula,
1969 4166 2072 4203 nec
2107 4167 2215 4203 non
2240 4149 2467 4204 abbates
2503 4153 2561 4204 et
2596 4153 2898 4224 conventus
2932 4169 3044 4205 mo·

380 4225 746 4280 nasteriorum
783 4227 1095 4298 provinciae
1132 4227 1417 4282 Remensis
1455 4245 1526 4281 ex
1560 4227 1739 4282 altera
1754 4269 1767 4292 ‚
1805 4245 1971 4299 super
2008 4228 2241 4283 diversis
2278 4229 2526 4285 articulis
2564 4230 2880 4298 quaestione
2917 4248 3044 4301 pen·

381 4306 544 4361 dente
560 4348 574 4371 ‚
625 4324 725 4361 nos
777 4307 1126 4362 diffinitivam
1163 4325 1328 4378 super
1365 4307 1445 4361 eis
1482 4307 1812 4362 sententiam
1849 4308 2105 4363 duximus
2141 4310 2591 4381 promulgandam
2607 4352 2620 4374 ‚
2677 4313 2735 4364 et
2767 4310 3045 4377 nonnulla,

379 4404 523 4456 quae
558 4386 854 4442 terminata
888 4405 988 4458 per
1022 4387 1351 4442 sententiam
1388 4387 1698 4459 hujusmodi
1717 4387 2050 4454 extiterunt,
2089 4389 2319 4445 fecimus
2356 4391 2699 4461 postmodum
2734 4389 3047 4461 specialiter

379 4464 535 4520 elici:
587 4466 837 4521 volentes
889 4485 952 4522 ea
990 4466 1247 4538 deinceps
1298 4486 1330 4522 a
1368 4467 1566 4522 ceteris
1603 4468 1887 4523 observari
1901 4511 1915 4534 ,
1970 4469 2322 4525 universitati
2356 4474 2577 4525 vestrae
2613 4488 2711 4540 per
2747 4471 3045 4541 apostolica

379 4545 589 4616 scripta
624 4547 964 4612 mandamus,
1003 4550 1273 4615 quatenus
1310 4546 1422 4601 illis
1459 4547 1515 4601 in
1546 4547 1754 4617 judicio
1791 4548 2023 4603 utamini
2060 4553 2117 4604 et
2150 4549 2209 4603 in
2244 4550 2462 4615 scholis,
2507 4550 2609 4604 sub
2646 4550 2811 4605 certis
2847 4550 3043 4616 titulis,

378 4628 545 4696 prout
580 4625 637 4679 in
673 4627 874 4697 pagina
912 4625 1322 4694 distinguimus,
1360 4627 1526 4681 inseri
1563 4628 1845 4682 facientes.
1919 4629 2097 4700 Hujus
2133 4647 2263 4684 vero
2301 4633 2511 4685 statuta
2548 4634 2677 4685 sunt
2710 4630 2892 4686 haec.⁴‘
2971 4630 3046 4685 Et

376 4722 524 4760 nunc
561 4705 709 4760 dicta
763 4707 949 4761 decem
987 4705 1168 4776 capita
1219 4706 1340 4777 ipsa
1390 4708 1761 4762 adducuntur..
1823 4708 1959 4763 Post
2008 4727 2147 4778 quae
2184 4709 2337 4779 Papa
2372 4710 2720 4765 Innocentius
2757 4711 2850 4766 rV.
2888 4728 3042 4782 prae-

378 4788 556 4841 tatam
604 4786 931 4840 decretalem
981 4785 1266 4857 epistolam
1304 4787 1487 4857 Papae
1525 4787 1777 4856 Gregorii
1812 4788 1941 4844 IX.:
2001 4791 2370 4844 Praesentium
2419 4790 2508 4844 his
2557 4791 2742 4846 verbis
2791 4790 3041 4847 adducit:
