3355 5328
370 284 477 339 192
1169 288 1309 343 Pars
1345 289 1414 343 H.
1467 287 1827 346 Collectiones
1864 291 2231 347 decretalium.

1176 479 1701 550 ARTICULUS
1747 479 2234 551 SECUNDUS.

512 631 667 705 Inde
712 627 793 706 ab
844 633 1124 707 editione
1169 635 1349 708 Libri
1393 634 1586 708 Sexti
1630 634 2016 710 authentica
2059 637 2341 711 Romana
2386 656 2444 711 a.
2486 638 2643 711 1582
2688 659 2892 731 usque

1413 740 1495 814 ad
1542 741 1664 814 hoo
1711 740 1986 834 tempus.

645 921 685 1008 ξ
732 920 867 990 125.
961 923 1181 992 Editio
1227 924 1409 991 Libri
1459 925 1644 993 Sexti
1691 926 2078 994 authentica
2123 926 2419 995 Romana
2465 947 2527 995 a.
2574 925 2751 998 1582.

543 1083 768 1151 Etiam
825 1085 1121 1151 recensio
1181 1089 1410 1152 textus
1469 1086 1648 1151 Libri
1716 1086 1902 1154 Sexti
1961 1108 2003 1152 a
2048 1087 2538 1154 Correotoribus
2583 1089 2850 1158 Decreti
2894 1091 3035 1156 Ro-

364 1181 577 1248 manis
630 1183 818 1266 jussu
868 1183 1278 1249 Summorum
1337 1184 1729 1251 Pontificum
1789 1188 2063 1269 peracta
2123 1189 2191 1252 et
2245 1189 2474 1251 textus
2538 1188 2620 1252 ab
2681 1187 2776 1253 eis
2836 1188 3033 1255 ador-

364 1282 562 1345 natus
609 1302 650 1346 a
679 1281 864 1365 Papa
898 1281 1214 1364 Gregorio
1246 1282 1424 1349 XIH.
1471 1283 1694 1348 brevi:
1743 1282 1952 1360 Quum
1998 1305 2117 1367 pro
2163 1304 2433 1348 munere
2477 1285 2817 1368 pastorali,
2868 1286 2927 1353 d.
2964 1286 3028 1354 d.

369 1380 427 1444 1.
476 1378 607 1444 Jul.
663 1380 867 1458 1580,
925 1401 1045 1464 pro
1093 1379 1473 1446 authentico
1522 1380 1898 1446 declaratus
1945 1384 2080 1459 est,
2141 1380 2238 1447 ita
2284 1386 2359 1447 ut
2404 1382 2648 1447 nemini
2700 1404 2849 1448 eum
2894 1385 3031 1451 ullo

361 1477 557 1541 modo
604 1480 863 1542 mutare
909 1477 1167 1556 liceret,
1219 1480 1418 1561 atque
1459 1479 1648 1562 jussu
1710 1482 1778 1545 et
1826 1478 2222 1546 auctoritate
2270 1480 2561 1563 ejusdem
2606 1481 2828 1565 Papae
2862 1482 3032 1548 Gre-

363 1574 533 1655 gorii
579 1575 754 1641 XIII.
804 1574 985 1659 typis
1029 1575 1388 1660 impressus
1434 1576 1677 1660 prodiit
1722 1577 1974 1642 Romae
2022 1599 2081 1644 a.
2136 1578 2327 1656 1582,
2375 1578 2443 1643 in
2489 1578 2759 1645 aedibus
2794 1580 3034 1664 Populi

362 1672 662 1752 Romani,
712 1694 819 1739 un.
869 1676 1027 1739 tom.
1076 1673 1146 1738 in
1190 1673 1315 1740 fol:
1354 1673 1575 1756 (simul
1621 1696 1769 1740 cum
1816 1674 2237 1741 Clementinis
2295 1679 2365 1742 et
2410 1676 3030 1759 Extravagantibus

364 1790 719 1853 earumque
766 1770 1052 1854 glossis),
1101 1773 1220 1836 sub
1268 1772 1496 1839 titulo:
1555 1772 1785 1851 „Liber
1832 1773 2073 1839 Sextus
2110 1774 2555 1839 Decretalium
2586 1776 2667 1841 D.
2701 1776 3028 1842 Bonifacii

362 1869 583 1953 Papae
613 1869 791 1935 VIII.
842 1889 1000 1935 suae
1043 1869 1416 1952 integritati
1461 1892 1593 1935 una
1640 1892 1786 1935 cum
1819 1870 2239 1937 Clementinis
2287 1876 2355 1938 et
2385 1873 3025 1984 Extravagantibus,

362 1987 720 2050 earumque
769 1966 1019 2032 Glossis
1065 1966 1523 2035 1031111113113.Η

736 2166 774 2253 ξ
821 2165 955 2235 126.
1047 2168 1478 2237 Recentiores
1525 2168 1850 2237 editiones
1894 2169 2077 2236 Libri
2125 2169 2308 2237 Sexti
2356 2169 2650 2238 criticae.

538 2331 700 2398 Post
747 2330 1100 2400 editionem
1130 2331 1309 2397 Libri
1341 2331 1529 2398 Sexti
1575 2332 2025 2411 authenticam
2069 2332 2437 2399 Romanam
2483 2330 2801 2397 editiones
2849 2332 3025 2415 ejus-

364 2429 512 2494 dem
556 2428 736 2494 Libri
783 2429 1045 2496 criticas
1090 2434 1496 2514 paraverunt

545 2529 602 2593 1.
645 2527 784 2611 jam
829 2527 1178 2594 memorati
1222 2529 1454 2593 Petrus
1502 2531 1569 2594 et
1616 2529 1684 2593 F
1675 2550 2005 2595 rancescus
2051 2526 2295 2610 gemini
2340 2505 2586 2594 fratres
2629 2502 2943 2593 ..Pithoeiz

541 2627 600 2691 2.
650 2626 880 2691 Justus
939 2626 1244 2711 Henniny
1302 2626 1611 2712 Bo'hmer,
1673 2626 1785 2710 qui
1846 2626 2097 2692 duobus
2157 2624 2484 2691 codicibus
2544 2646 2698 2691 11133.
2762 2625 3024 2692 collatis

357 2722 554 2790 Libro
605 2724 807 2790 Sexto
866 2724 1090 2807 plures
1150 2724 1371 2789 varias
1417 2725 1733 2790 lectiones
1779 2724 2056 2802 addidit,
2120 2727 2417 2790 attamen
2475 2727 2737 2790 textum
2792 2723 2934 2807 ejus
2980 2745 3025 2791 a

358 2825 553 2888 textu
601 2821 904 2955 editipnis
948 2822 1287 2887 Romanae
1349 2821 1769 2888 authenticae
1816 2844 1874 2888 a.
1931 2824 2099 2887 1582
2145 2821 2215 2886 in
2260 2822 2485 2887 multis
2540 2821 3023 2905 discrepantem

360 2923 977 3083 o'onstgllxffenzilius
1031 3018 1394 3083 Ludovicus
1454 3019 1747 3102 Richter,
1811 3017 1922 3101 qui
1979 3039 2109 3082 uno
2170 3016 2391 3083 codice
2448 3038 2569 3083 1113.
2634 3018 2872 3083 collato
2936 3018 3022 3083 ad

358 3115 624 3181 Librum
658 3115 934 3181 Sextum
978 3136 1187 3181 novas
1216 3115 1532 3181 lectiones
1562 3115 1902 3182 variantes
1942 3114 2247 3200 apposuit
2293 3118 2361 3180 et
2406 3118 2666 3181 textum
2714 3114 3020 3181 editionis

358 3215 696 3280 Romanae
744 3214 1164 3280 authenticae
1211 3216 1520 3279 accurate
1565 3213 1864 3280 servavit
1887 3214 1933 3283 ⁴.

538 3315 596 3379 4.
647 3314 960 3378 Aemilius
992 3313 1361 3397 Friedbery,
1397 3312 1508 3394 qui
1538 3310 1836 3396 plurimis
1868 3311 2195 3376 codicibus
2226 3333 2403 3390 11133,
2436 3315 2579 3378 tum
2602 3311 2781 3376 Libri
2808 3311 3015 3390 Sexti,

355 3416 498 3478 tum
532 3410 986 3477 collectionum
1017 3409 1424 3495 publicarum
1456 3411 1810 3476 Innocentii
1840 3411 1960 3476 IV.
1996 3413 2064 3475 et
2098 3411 2392 3494 Greqorii
2422 3411 2532 3495 X„
2566 3413 2706 3475 tum
2738 3409 3013 3475 aliarum

538 3573 559 3607 ²
595 3571 659 3623 In
697 3587 804 3639 qua
855 3569 1091 3624 editione
1140 3572 1265 3640 post
1313 3568 1536 3623 titulum
1585 3568 1749 3639 hujus
1800 3567 1978 3638 operis
2029 3568 2201 3638 primo
2254 3569 2543 3624 exhibetur
2591 3568 2781 3624 tabula
2830 3569 3018 3639 alpha-

355 3650 536 3705 betica
572 3650 910 3704 rubricarum
946 3650 1230 3713 titulorum
1268 3652 1325 3703 et
1361 3648 1618 3719 capitum,
1657 3652 1715 3704 et
1748 3651 1867 3703 tum
1904 3649 2029 3702 inde
2066 3666 2099 3702 a
2137 3647 2235 3703 col.
2279 3650 2523 3704 1.—860.
2561 3649 2679 3720 ipse
2715 3653 2904 3703 textus
2930 3649 3018 3703 Li·

355 3730 441 3788 bri
495 3730 651 3784 Sexti
701 3748 825 3785 011111
876 3730 1091 3798 glossis
1175 3729 1249 3784 Et
1300 3729 1518 3798 quidem
1565 3733 1746 3798 capita
1801 3729 2127 3783 exhibentur
2181 3747 2305 3783 oum
2354 3732 2795 3798 inscriptionibus
2849 3732 3018 3799 atque

355 3829 480 3865 cum
515 3814 843 3864 summarii&
900 3811 1036 3864 Post
1071 3810 1223 3874 haec,
1259 3809 1386 3863 inde
1423 3827 1456 3862 a
1494 3809 1592 3863 001.
1620 3809 1958 3873 861.-87Ο.,
1996 3809 2181 3863 ordine
2218 3808 2560 3880 alphabetico
2599 3809 2895 3880 dispositae
2930 3828 3016 3864 re-

355 3891 517 3958 gulae
549 3890 689 3960 juris
727 3890 908 3944 civilis
943 3890 1167 3955 romani,
1208 3908 1237 3942 e
1275 3889 1471 3958 quibus
1508 3889 1851 3960 potissimum
1888 3889 2112 3956 regulae
2143 3889 2284 3960 juris
2310 3889 2555 3943 canonici
2591 3893 2840 3960 sumptae
2866 3893 3013 3945 sunt.

354 3971 598 4025 Tandem
633 3970 691 4024 in
740 3970 918 4024 tribus
963 3971 1109 4025 foliis
1125 4013 1138 4036 ,
1189 3970 1338 4024 nullo
1388 3987 1612 4023 numero
1663 3968 1898 4036 signatis
1914 4011 1927 4034 ‚
1979 3970 2139 4023 arbor
2189 3969 2680 4038 consanguinitatis
2732 3988 2856 4025 cum
2893 3970 3015 4041 ejus

357 4049 725 4106 declaratione
764 4053 930 4120 atque
968 4051 1126 4105 arbor
1164 4050 1453 4105 affinitatis
1491 4050 1623 4104 item
1661 4067 1786 4103 oum
1822 4049 1996 4120 ipsius
2035 4049 2416 4104 declaratione.

532 4131 803 4185 Rubrioae
857 4131 1140 4186 titulorum
1194 4133 1251 4184 et
1303 4130 1500 4185 vocula
1556 4148 1670 4198 cap.
1725 4148 1849 4184 oum
1898 4129 2204 4200 respectivo
2254 4148 2477 4184 numero
2527 4130 2825 4201 impressae
2881 4134 3013 4185 sunt

352 4214 541 4277 rubro,
588 4211 800 4280 reliqua
850 4211 1006 4278 nigro
1058 4212 1252 4265 colore.
1327 4212 1494 4265 Porro
1544 4213 1735 4264 textus
1786 4209 2025 4280 capitum
2074 4209 2370 4281 majoribus
2385 4252 2399 4274 ,
2453 4210 2665 4279 reliqua
2714 4210 3015 4266 minoribus

351 4293 659 4348 litterarum
696 4291 886 4346 formis
921 4291 1188 4362 impressa
1224 4294 1368 4346 sunt.

535 4375 554 4407 ²
593 4373 743 4439 Quae
780 4371 981 4443 prodiit
1017 4371 1190 4426 Paris.
1234 4373 1370 4426 1687
1415 4371 1475 4425 111
1517 4373 1647 4425 tom.
1687 4371 1755 4424 H.
1796 4370 2049 4441 Corporis
2080 4371 2187 4442 jur.
2226 4389 2343 4425 can.
2363 4413 2376 4436 ,
2427 4370 2628 4426 ibidem
2665 4374 2791 4441 post
2826 4389 3014 4426 eorum

354 4457 583 4509 mortem
622 4452 884 4521 evulgati.

535 4537 555 4570 ³
593 4533 804 4587 Prodiit
838 4532 898 4586 in
931 4536 1062 4587 tom.
1100 4533 1169 4586 II.
1210 4531 1460 4602 Corporis
1492 4532 1600 4602 jur.
1639 4549 1777 4596 can„
1816 4532 1884 4586 ab
1922 4549 1984 4585 eo
2023 4530 2156 4585 editi
2190 4531 2365 4585 Halae
2402 4531 2654 4599 Magdeb.
2684 4530 2839 4585 1747.
2898 4530 3011 4586 cfr.

355 4615 421 4668 de
459 4632 520 4667 eo
557 4616 870 4682 Friedbery‚
906 4613 964 4667 in
1004 4613 1158 4682 Corp.
1193 4613 1300 4683 jur.
1340 4630 1457 4666 can.
1497 4615 1639 4683 part.
1679 4612 1746 4666 II.
1786 4611 2029 4682 prolegg.
2070 4612 2169 4666 001.
2207 4612 2293 4665 LI.

532 4695 556 4728 ¹*
592 4693 896 4747 Exhibetur
945 4693 1003 4746 in
1039 4696 1196 4763 parte
1231 4692 1299 4746 II.
1341 4690 1593 4762 Corporis
1624 4691 1732 4762 jur.
1772 4708 1920 4756 can„
1974 4691 2041 4744 ab
2093 4709 2155 4744 eo
2207 4690 2338 4744 editi
2374 4690 2521 4761 Lips.
2563 4691 2716 4745 1839.
2793 4690 2902 4745 Cfr.
2943 4692 3010 4745 de

355 4791 417 4827 eo
455 4775 752 4841 Friedbery
787 4773 822 4827 l.
863 4791 908 4827 0.
