3355 5328
439 304 542 361 148
1245 307 1383 361 Pars
1419 307 1488 361 11.
1540 306 1899 363 collectiones
1936 276 2305 360 decretalium.

431 465 962 550 compilationum
1031 488 1072 533 a
1135 468 1455 552 praefatis
1521 467 1686 533 viris
1744 467 1973 534 taliter
2040 468 2508 534 adornatarum
2575 467 2987 534 substituerit
3017 468 3072 529 ¹:

428 563 730 646 sequitur
776 565 947 643 inde,
996 566 1246 650 Papam
1278 566 1667 647 Gregorium
1699 567 1810 632 IX.
1859 566 1984 631 hac
2030 587 2150 631 sua
2192 565 2573 632 collectione
2621 565 2822 631 etiam
2869 586 3077 631 omnes

426 660 576 726 illas
631 663 802 745 juris
863 663 1291 733 ecclesiastici
1350 663 1679 746 generalis
1725 684 1991 729 normas
2013 713 2027 741 ,
2095 684 2265 746 quae
2324 667 2479 730 ante
2525 664 2916 729 adornatum
2957 662 3078 728 De-

429 762 682 825 cretum
746 760 1045 826 Gratiani
1104 761 1322 827 editae
1382 760 1649 828 fuerunt
1672 812 1686 839 ‚
1754 782 1985 826 verum
2045 783 2165 826 nec
2226 761 2294 826 in
2352 762 2710 828 Decretum
2770 760 3075 839 Gratiani,

427 878 550 922 nec
593 857 662 922 in
706 859 877 924 hanc
920 859 1124 943 ipsius
1172 859 1623 925 collectionem
1671 858 2097 924 decretalium
2128 862 2436 943 receptae
2482 862 2657 937 sunt,
2707 879 2935 924 earum
2969 880 3078 924 va-

426 955 567 1021 lore
612 955 809 1038 legali
869 957 1131 1040 penitus
1194 956 1572 1022 destituisse
1632 976 1748 1021 seu
1813 956 2240 1039 abrogavisse
2260 953 2303 1022 ².
2399 956 2542 1034 Qua
2586 956 2843 1022 ratione
2892 956 3077 1022 etiam

430 1055 727 1121 collectio
786 1055 950 1120 haec
1010 1055 1187 1120 dicta
1248 1058 1352 1121 est
1412 1057 1572 1120 liber
1633 1063 1814 1119 eoetra
1828 1106 1847 1138 ,
1913 1053 1954 1120 i.
2006 1074 2061 1120 e.
2125 1055 2316 1137 liber,
2380 1074 2607 1120 omnes
2658 1055 2825 1139 juris
2887 1055 3081 1120 eccle·

427 1152 679 1218 siastici
737 1152 1063 1235 generalis
1123 1174 1389 1218 normas
1408 1202 1423 1230 ‚
1491 1156 1686 1217 extra
1730 1153 2086 1217 Decretum
2137 1152 2435 1219 Gratiani
2491 1156 2817 1235 vagantes
2839 1202 2854 1231 ,
2918 1173 3079 1218 com-

427 1251 857 1334 prehendens,

1327 1473 1649 1562 CAPUT
1705 1474 2077 1578 QUINTI]
2081 1472 2178 1560 M.

826 1662 1042 1736 Fata
1096 1662 1366 1759 hujus
1421 1663 1997 1737 collectionis
2053 1660 2678 1735 decretalium.

1126 1854 1129 1857 “
1196 1863 1528 1933 ΑΒΤΙΟ
1550 1863 1818 1933 ULUS
1876 1865 1936 1930 P
1957 1860 2322 1930 RIMUS.

428 2019 583 2092 Inde
616 2019 696 2091 ab
730 2015 868 2112 ejus
901 2018 1051 2091 ortu
1078 2037 1284 2110 usque
1317 2019 1398 2092 ad
1430 2014 1570 2113 ejus
1603 2018 1948 2091 editionem
1979 2019 2426 2092 authenticam
2448 2019 2795 2092 Romanam
2825 2038 2885 2090 a.
2917 2017 3079 2090 1582.

427 2210 466 2297 ἕ
514 2209 616 2278 82.
698 2211 1010 2279 Publicae
1055 2211 1536 2299 praelectiones
1586 2230 1785 2299 super
1832 2231 1912 2280 ea
1956 2210 2452 2279 inBononiensi
2484 2212 2938 2280 Universitate
2983 2212 3083 2277 ha·

555 2319 737 2386 bitae
787 2320 853 2386 et
899 2318 1091 2386 varia
1138 2336 1340 2406 opera
1383 2318 1726 2386 litteraria
1773 2320 2112 2387 occasione
2159 2320 2393 2386 harum
2447 2319 2972 2406 praelectionum

1353 2444 1555 2513 super
1598 2427 1746 2513 ipsa
1794 2423 2139 2492 adornata.

601 2584 721 2650 Uti
768 2605 964 2669 super
993 2584 1277 2650 Decreto
1311 2584 1610 2651 Gratiani
1657 2589 1727 2650 et
1759 2584 2341 2669 Compilationibus
2389 2583 2696 2667 antiquie,
2743 2582 2842 2649 ita
2892 2582 3084 2648 etiam

423 2704 621 2767 super
664 2684 789 2748 hac
836 2683 1261 2749 decretalium
1308 2683 1691 2749 collectione
1735 2683 1803 2748 in
1839 2683 2255 2761 Bononiensi,
2306 2687 2375 2748 et
2419 2682 2726 2767 deinceps
2773 2682 2981 2748 etiam
3021 2680 3084 2745 in

424 2780 570 2847 aliis
614 2779 1194 2859 UniversitatibuS‚
1241 2781 1541 2865 publicae
1585 2781 2065 2865 praelectiones
2117 2780 2386 2846 habitae
2408 2806 2412 2810 ·
2431 2785 2586 2848 sunt
2609 2776 2656 2848 ⁸.

603 2878 891 2955 Quarum
947 2878 1459 2964 praelectionum
1521 2878 1862 2944 occasione
1924 2900 2121 2963 super
2181 2879 2409 2944 eadem
2470 2878 2856 2945 collectione
2905 2876 3084 2943 varia

426 2997 626 3059 opera
670 2976 997 3043 litteraria
1043 2981 1321 3043 exarata
1367 2980 1540 3055 sunt,
1590 2977 1690 3043 uti
1721 2976 2108 3042 nominatim
2140 2978 2440 3043 Summae
2464 2978 2488 3015 ⁴
2490 3029 2510 3062 ,
2558 2978 3018 3043 Distinctiones
3040 2972 3082 3057 ⁵,

606 3182 621 3213 ¹
665 3178 774 3233 cfr.
813 3196 978 3249 supra
1014 3197 1065 3247 p.
1108 3177 1230 3232 146.

605 3260 626 3296 ²
664 3258 772 3313 cfr.
814 3260 1041 3328 Sebaste,
1077 3257 1178 3311 Die
1215 3257 1391 3311 Lehre
1429 3276 1538 3312 von
1576 3259 1680 3312 den
1718 3258 1945 3325 Quellen
1985 3260 2080 3312 des
2117 3259 2270 3313 kath.
2309 3257 2748 3322 KirchenrechtS,
2787 3277 2839 3328 p.
2881 3259 3003 3313 340.

604 3341 624 3375 ⁸
661 3338 801 3393 Sane
818 3381 831 3403 ,
881 3337 964 3392 uti
999 3338 1293 3391 Decretum
1332 3338 1577 3392 Gratiani
1595 3381 1609 3404 ,
1660 3338 1740 3392 ita
1778 3338 1944 3393 etiam
1981 3339 2116 3393 haec
2154 3337 2402 3393 coHectio
2446 3339 2515 3392 ad
2553 3340 2721 3392 libros
2756 3340 3083 3405 ordinam'oa

422 3438 585 3490 super
623 3419 820 3488 quibus
856 3418 1248 3489 praelectiones
1286 3418 1537 3488 excipere
1588 3418 1867 3472 scholares
1917 3419 2109 3473 stricte
2158 3420 2499 3484 tenebantur,
2536 3418 2902 3489 pertinebant.
2978 3417 3082 3473 cfr.

426 3502 678 3569 Saviqny,
718 3498 1044 3554 Geschichte
1081 3499 1178 3554 des
1213 3505 1348 3553 rom.
1384 3498 1607 3564 Rechts,
1644 3502 1775 3552 tom.
1814 3500 1907 3553 III.
1946 3518 1997 3569 p.
2037 3499 2157 3553 265.
2197 3502 2255 3553 et
2289 3518 2340 3569 p.
2379 3500 2501 3553 549.

598 3581 623 3616 ⁴
661 3579 972 3649 Cujusmodi
1023 3596 1159 3649 opus
1209 3577 1462 3633 exaravit
1497 3581 1858 3648 Raymundus
1906 3579 2054 3650 ipse;
2108 3580 2251 3647 quod
2302 3579 2509 3633 editum
2560 3582 2647 3633 est
2684 3579 2892 3633 Romae
2935 3579 3083 3642 1603,

420 3660 683 3715 Avenion.
726 3660 863 3714 1715
901 3662 958 3713 et
991 3659 1190 3713 Veron.
1233 3659 1385 3712 1744.
1462 3659 1571 3713 cfr.
1613 3660 1884 3727 Stintzinq
1897 3701 1913 3729 ,
1968 3659 2295 3713 Geschichte
2343 3660 2437 3713 der
2473 3660 2772 3730 popularen
2808 3658 3083 3713 Literatur

422 3741 517 3794 des
553 3746 686 3793 rom.
724 3757 777 3793 u.
817 3756 1002 3793 canon.
1040 3739 1261 3793 Rechts
1336 3738 1481 3809 Lips.
1525 3740 1689 3804 1867,
1728 3757 1779 3809 p.
1817 3740 1940 3794 493.
1980 3757 2131 3808 sqq.;
2186 3741 2429 3809 Schulte,
2481 3739 2582 3793 Die
2622 3738 2956 3794 Geschichte
2996 3739 3084 3793 der

422 3819 664 3885 Quellen,
699 3822 830 3873 tom.
856 3819 924 3872 H.
950 3837 1002 3889 p.
1027 3820 1151 3873 410.
1178 3836 1297 3887 sqq.
1351 3820 1490 3872 Item
1516 3820 1758 3872 Joannes
1783 3821 2068 3888 Hispanus
2092 3822 2157 3872 de
2182 3819 2449 3889 Petesella‚
2476 3819 2660 3889 Papae
2693 3821 2962 3887 Gregorio
2987 3819 3081 3873 IX.

422 3916 686 3960 coaevus;
739 3899 835 3952 cfr.
876 3900 1088 3952 Schulte
1123 3898 1158 3953 l.
1199 3916 1244 3952 c.
1283 3917 1334 3969 p.
1375 3899 1459 3953 81.
1499 3916 1649 3967 sqq.;
1705 3901 1882 3971 Idem,
1933 3900 2190 3967 Beitrage
2241 3918 2337 3953 zur
2373 3899 2651 3954 Literatur
2685 3899 2819 3953 iiber
2858 3899 2949 3952 die
2986 3898 3082 3952 De·

421 3978 664 4033 cretalen
700 3978 937 4045 Gregors
972 3979 1084 4043 IX„
1135 3979 1414 4032 Innocenz’
1454 3979 1564 4043 IV.,
1605 3978 1844 4046 Gregors
1881 3979 1965 4043 X.,
2016 3978 2074 4032 in
2112 3979 2227 4033 citt.
2274 3978 2455 4033 relatt.
2494 3996 2631 4032 sess,
2669 3982 2799 4033 tom.
2838 3976 3082 4033 LXVIII.

420 4078 472 4130 p.
511 4059 597 4112 61.
636 4075 757 4127 sqq.
820 4058 1002 4111 Etiam
1040 4061 1230 4113 Petrae
1266 4061 1331 4112 de
1369 4060 1677 4127 Sampsone,
1715 4059 1915 4112 florens
1953 4058 2099 4113 circa
2135 4058 2275 4112 med.
2315 4076 2456 4113 saec.
2496 4059 2674 4122 XIII.;
2732 4059 2830 4112 cfr.
2871 4059 3086 4113 Schulte

418 4139 454 4193 l.
494 4156 540 4193 c.
579 4156 631 4208 p.
658 4138 744 4193 83.
783 4154 894 4206 sq.;
933 4141 1095 4209 Idem,
1132 4137 1233 4192 Die
1273 4138 1601 4193 Geschichte
1639 4139 1735 4192 der
1768 4138 2010 4205 Quellen,
2048 4141 2177 4192 tom.
2217 4139 2285 4193 II.
2323 4157 2376 4209 p.
2418 4139 2537 4194 108.
2576 4156 2658 4208 sq.
2721 4137 2892 4192 Porro
2935 4136 3079 4192 aliud

418 4217 728 4289 hujusmodi
778 4235 911 4288 opus
927 4260 940 4282 ,
984 4235 1313 4289 anonymum
1362 4222 1548 4272 tamen
1563 4260 1576 4283 ,
1628 4222 2015 4272 commemorat
2060 4220 2272 4272 Schulte
2285 4259 2301 4287 ,
2353 4218 2612 4286 Beitrage
2661 4236 2759 4272 zur
2809 4218 3086 4272 Literatur

417 4299 552 4352 tiber
602 4297 688 4351 die
724 4297 1047 4351 Decretalen
1085 4296 1324 4364 Gregors
1361 4297 1454 4351 IX.
1495 4300 1596 4351 etc.
1636 4297 1673 4351 1.
1714 4316 1759 4351 c.
1799 4317 1849 4368 p.
1892 4298 2012 4351 116.
2052 4315 2133 4367 sq.

600 4378 622 4411 ⁵
657 4376 981 4448 Hujusmodi
1025 4394 1161 4447 opus
1211 4377 1498 4431 adornavit
1541 4379 1861 4431 Guilielmus
1897 4380 2047 4430 Naso
2060 4419 2076 4446 ‚
2126 4377 2268 4448 juris
2320 4377 2565 4432 canonici
2613 4377 2672 4431 in
2708 4376 3084 4432 Universitate

419 4456 745 4511 Bononiensi
781 4456 954 4527 primo
993 4456 1211 4510 dimidio
1249 4474 1391 4510 saec.
1417 4456 1564 4509 XIII.
1604 4457 1879 4526 professor
1906 4456 2172 4526 ‚(Schulte‚
2210 4456 2311 4511 Die
2348 4457 2677 4511 Geschichte
2715 4458 2813 4512 der
2837 4456 3082 4522 Quellen,

418 4540 549 4591 tom.
588 4538 655 4591 Π.
695 4555 745 4607 p.
786 4538 870 4592 78.
910 4536 1050 4606 sq.);
1101 4554 1260 4607 porro
1306 4536 1421 4606 jam
1471 4539 1802 4590 memoratus
1842 4539 2033 4590 Petrus
2070 4539 2133 4589 de
2171 4538 2464 4606 Sampsone
2507 4537 2744 4607 (Schulte
2758 4579 2774 4607 ,
2826 4538 3084 4604 Beitrage

419 4634 517 4669 zur
551 4616 827 4671 Literatur
874 4617 1008 4670 iiber
1055 4616 1141 4670 die
1192 4615 1520 4669 Decretalen
1567 4615 1807 4683 Gregors
1844 4616 1937 4669 IX.
1978 4619 2111 4681 etc.,
2163 4616 2198 4670 1.
2239 4634 2284 4671 c.
2322 4636 2375 4687 p.
2415 4618 2500 4672 86.
2540 4617 2682 4687 sq.);
2732 4617 2865 4671 item
2905 4618 3086 4670 Abba-³

421 4699 693 4765 antiquus,
731 4695 1013 4751 canonista
1048 4697 1248 4750 florens
1286 4713 1427 4749 saec.
1455 4695 1621 4760 XIII„
1661 4698 1810 4749 Petri
1847 4700 1910 4750 de
1937 4697 2229 4764 Sampsone
2267 4695 2583 4768 discipulus,
2621 4697 2731 4766 qui,
2769 4701 2832 4751 nt
2866 4698 2941 4751 ab
2980 4695 3083 4751 alio

422 4777 624 4830 Abbate
636 4817 652 4845 ,
705 4776 798 4844 qui
833 4793 976 4830 saec.
1014 4776 1134 4831 XV.
1177 4774 1363 4829 floruit
1404 4774 1688 4844 (Nicolaus
1723 4778 1787 4828 de
1830 4778 2116 4830 Tudeschis
2128 4817 2145 4846 ‚
2199 4779 2625 4831 Panormitamae
2635 4797 2659 4845 ;
2708 4778 2807 4832 cfr.
2846 4779 3082 4845 Schulte,
