3355 5328
1375 322 1552 377 Sectio
1590 322 1686 376 VI.
1738 323 1771 389 ξ
1813 323 1931 376 151.
2873 321 2975 375 217

498 483 701 548 Porro
750 482 840 548 ibi
885 484 1355 565 Extravagans
1401 484 1623 567 Papae
1671 485 2002 568 Bonifacii
2047 486 2268 551 VIIL:
2327 488 2535 570 Super
2584 486 2972 566 cathedram,

320 601 486 663 quae
535 580 793 663 quidem
840 603 880 645 a
911 582 1093 665 Papa
1122 583 1463 648 Benedicto
1495 582 1618 647 XI.
1670 579 2169 666 (1303—1304)
2216 605 2336 667 per
2365 567 2973 664 Extravagantem:

318 679 497 744 Inter
555 689 812 745 cunctas
872 681 1225 761 abrogata,
1289 701 1330 744 a
1375 680 1559 763 Papa
1608 681 1915 746 Clemente
1959 682 2029 746 V.
2081 680 2375 762 (1305-
2382 681 2579 763 1314)
2642 684 2863 746 01110111
2908 678 2977 743 111

319 776 601 842 Concilio
634 777 990 842 Viennensi
1022 777 1520 860 (1311—1312)
1568 778 2068 844 constitutione:
2115 780 2387 844 Dudum
2429 782 2750 844 renovata
2797 781 2865 843 et
2905 776 2973 841 in

319 894 459 958 cap.
511 878 570 942 2.
621 876 702 940 de
749 877 982 959 sepult.
1040 876 1106 939 in
1153 876 1350 942 Clem.
1399 876 1514 941 III.
1567 878 1626 941 7.
1692 876 2010 941 collocata
2058 881 2192 955 est,
2255 876 2673 941 nihilominus
2732 876 2974 941 iterum

318 971 635 1052 refertur,
697 973 1003 1039 videlicet
1046 973 1115 1038 in
1163 996 1302 1057 cap.
1355 976 1414 1040 2.
1479 973 1559 1038 de
1619 975 1855 1057 sepult.
1905 975 2019 1041 HI.
2072 978 2130 1040 6.
2224 975 2431 1039 Immo
2490 975 2600 1039 vel
2659 974 2803 1057 ipsa
2862 972 2975 1037 illa

319 1069 792 1153 Extravagans
855 1072 1076 1155 Papae
1139 1072 1469 1137 Benedicti
1527 1072 1649 1138 XI.
1674 1097 1695 1136 .·
1763 1074 1941 1137 Inter
2004 1081 2261 1138 cunctas
2280 1125 2299 1156 ,
2372 1093 2537 1155 quae
2602 1071 2973 1155 praefatam

318 1167 892 1251 Extravagantem
938 1170 1158 1253 Papae
1199 1170 1529 1254 Bonifacii
1574 1171 1795 1235 VIII.:
1842 1172 2050 1255 Super
2096 1172 2466 1236 cathedram
2512 1170 2972 1250 abrogaverat,

319 1265 550 1332 deinde
595 1271 817 1333 autem
863 1268 1007 1351 ipsa
1051 1289 1169 1351 per
1201 1268 1309 1334 cit.
1345 1268 1879 1335 constitutionem
1925 1268 2252 1350 generalis
2285 1268 2550 1333 Concilii
2582 1265 2973 1332 Viennensis

319 1362 486 1448 (cap.
538 1368 596 1431 2.
650 1365 728 1430 de
775 1366 1008 1449 sepult.
1057 1365 1125 1430 in
1172 1365 1367 1431 Clem.
1417 1366 1532 1431 ΠΙ.
1585 1366 1674 1448 7.)
1723 1365 2045 1447 abrogata
2093 1370 2270 1445 erat,
2321 1365 2445 1430 1100
2489 1386 2620 1430 11011
2668 1365 2972 1429 obstante

317 1461 557 1527 ibidem
603 1464 851 1529 inserta
899 1468 1019 1543 est,
1068 1463 1375 1529 videlicet
1420 1463 1488 1528 in
1535 1485 1675 1547 cap.
1733 1466 1788 1529 1.
1841 1464 1920 1529 de
1965 1464 2309 1547 privilegg.
2360 1464 2441 1529 V.
2494 1465 2552 1529 7.
2586 1461 2625 1529 ¹.

408 1673 447 1758 ξ
493 1669 617 1739 151.
708 1672 1136 1740 Recentiores
1184 1672 1679 1759 explanationes
1728 1672 1794 1739 et
1843 1669 2165 1739 editiones
2209 1673 2407 1760 hujus
2457 1672 2882 1740 collectionis,

497 1842 804 1907 Publicae
849 1842 1326 1926 praelectiones
1374 1864 1570 1927 super
1614 1844 1740 1908 hac
1787 1843 2168 1908 collectione
2204 1843 2827 1925 Extravagantium,
2876 1843 2974 1909 uti

320 1961 517 2023 super
561 1940 674 2004 illa
719 1942 959 2026 Viqinti
1004 1942 1586 2027 Extravaqantium
1632 1943 1856 2027 Papae
1900 1942 2178 2006 Joannis
2209 1941 2437 2006 XXII.
2473 1940 2535 2022 (ἓ
2575 1940 2770 2023 148),
2820 1941 2973 2006 011111

319 2038 386 2103 111
432 2037 651 2120 aliqua
679 2038 1134 2106 Universitate
1179 2039 1446 2104 habitae
1493 2061 1622 2103 non
1669 2043 1842 2105 sunt.
1906 2040 2006 2103 De
2040 2041 2279 2116 ceter0‚
2328 2038 2425 2104 uti
2456 2038 2635 2122 prior
2679 2039 2793 2103 illa
2840 2039 2972 2103 col-

317 2136 514 2201 lectio
559 2138 798 2221 Viyinti
844 2138 1425 2222 Extravaqantium
1470 2138 1694 2222 Papae
1738 2138 2016 2202 Joannis
2061 2136 2289 2201 XXII.
2307 2188 2325 2220 ,
2387 2136 2484 2201 ita
2540 2136 2741 2201 etiam
2786 2136 2969 2215 11000,

322 2236 758 2301 Communium
790 2233 1371 2319 Extravaqantium
1404 2235 1719 2313 collectio,
1768 2234 1836 2299 in
1868 2234 2150 2299 editione
2182 2234 2386 2316 Lugd.
2423 2256 2481 2299 a.
2515 2235 2705 2312 1559,
2741 2238 2971 2300 curata

318 2354 360 2398 a
409 2334 633 2398 Garolo
679 2334 996 2399 Molinaeo
1045 2333 1166 2413 (du
1212 2334 1491 2413 Moulin)
1507 2385 1526 2416 ,
1586 2334 1779 2416 hujus
1842 2335 2200 2397 additiones
2214 2383 2233 2416 ,
2291 2331 2518 2414 utique
2578 2352 2777 2415 saepe
2824 2332 2970 2398 odio

316 2430 384 2495 in
434 2430 665 2497 Sedem
713 2430 1163 2515 Apostolicam
1211 2430 1556 2509 animatas,
1606 2430 1880 2515 accepit.

498 2529 746 2594 Summi
803 2529 1152 2594 Pontifices
1175 2579 1190 2608 ,
1264 2529 1375 2611 qui
1434 2530 1514 2594 de
1576 2528 1980 2594 emendando
2040 2530 2323 2594 Decreto
2386 2528 2683 2594 Gratiani
2748 2550 2972 2595 curam

315 2632 697 2710 gesserunt,
760 2649 801 2693 a
847 2627 1335 2693 Correctoribus
1380 2628 1646 2694 Decreti
1693 2626 2005 2693 Romanis
2067 2626 2267 2694 etiam
2318 2627 2510 2710 hujus
2571 2627 2971 2694 collectionis

314 2726 917 2808 Extravagantium
979 2730 1239 2792 textum
1302 2726 1631 2792 recenseri
1691 2727 2046 2810 jusserunt.
2149 2726 2341 2790 Hunc
2404 2728 2663 2792 textum
2728 2726 2810 2791 ab
2876 2726 2971 2792 eis

314 2825 706 2891 adornatum
764 2825 947 2908 Papa
1004 2826 1351 2909 Greyorius
1409 2825 1606 2890 XIII.
1670 2825 1809 2891 citt.
1876 2823 2115 2891 litteris
2174 2823 2515 2888 brevibus:
2585 2825 2792 2904 Quum
2844 2848 2971 2910 pro

313 2945 573 2988 munere
605 2926 958 3008 pastorali,
1022 2922 1081 2988 d.
1134 2924 1192 2988 d.
1248 2924 1303 2989 1.
1353 2923 1484 2988 Jul.
1539 2924 1739 3001 1580,
1789 2921 2237 2988 authenticum
2286 2921 2648 2987 declaravit
2696 2944 2971 3005 eumque

314 3021 642 3086 ullatenus
705 3020 946 3086 mutari
1010 3021 1243 3086 vetuit.
1351 3020 1473 3097 Qui
1536 3024 1765 3088 textus
1821 3021 2009 3104 jussu
2079 3025 2146 3086 et
2215 3019 2611 3086 auctoritate
2681 3021 2971 3103 ejusdem

314 3118 536 3202 Papae
583 3119 878 3205 Greqorii
922 3120 1119 3184 XIII.
1181 3119 1360 3202 typis
1419 3119 1776 3202 impressus
1835 3118 2077 3202 prodiit
2137 3116 2295 3199 (una
2343 3139 2488 3183 cum
2540 3122 2733 3184 textu
2778 3140 2971 3201 prae-

315 3214 498 3282 fatae
544 3216 945 3283 collectionis
976 3218 1216 3301 Viyinti
1254 3218 1836 3301 Extravaqantium
1867 3217 2091 3300 Papae
2121 3217 2399 3281 Joannis
2429 3215 2688 3297 XXII.)
2721 3216 2971 3282 Romae

315 3335 373 3379 a.
428 3315 598 3379 1582
663 3316 784 3380 sub
846 3314 1080 3380 titulo:
1162 3315 1736 3395 „Extravagantes
1759 3364 1773 3392 ‚
1839 3318 1981 3379 tum
2046 3313 2302 3394 Viginti
2363 3314 2442 3379 D.
2509 3313 2783 3378 Joannis
2847 3315 2970 3379 Pa-

313 3433 438 3495 pae
483 3412 719 3492 ΧΧΠ.,
767 3416 909 3478 111111
956 3413 1373 3490 CommuneS,
1424 3433 1582 3476 suae
1628 3411 2000 3492 integritati
2033 3432 2177 3475 -una
2224 3432 2370 3475 cum
2417 3411 2654 3492 glossis
2701 3411 2970 3477 restitu-

314 3512 490 3588 tae“,
551 3510 619 3574 in
663 3511 933 3576 aedibus
973 3511 1208 3622 Populi
1251 3510 1563 3588 Romani,
1626 3531 1755 3574 uno
1814 3514 1971 3575 tom.
2035 3508 2103 3572 in
2152 3508 2300 3587 fol„
2365 3509 2483 3575 col.
2553 3510 2675 3573 181
2685 3511 2968 3588 ..‚—364

316 3560 789 3688 001.1.-1.,78
838 3609 986 3675 uti
959 3631 1098 3692 Jam
1129 3631 1328 3693 supra
1357 3607 1787 3686 meminimus,
1836 3606 2218 3672 collectione
2248 3608 2487 3692 Viqinti
2517 3608 2965 3713 Extravaqan-

313 3708 472 3770 tium
517 3707 740 3792 Papae
784 3707 1063 3772 Joannis
1109 3707 1337 3773 XXII.
1389 3702 1755 3772 exhibita2.

499 3917 513 3947 ¹
555 3915 782 3984 Schulte,
820 3913 922 3968 Die
961 3913 1287 3968 Geschichte
1326 3914 1421 3967 der
1459 3913 1703 3979 Quellen,
1741 3916 1870 3967 tom.
1909 3913 1977 3967 II.
2016 3931 2068 3983 p.
2110 3915 2194 3967 65.
2232 3917 2342 3967 1101.
2386 3915 2497 3978 10.;
2550 3916 2875 3983 Friedber9‚
2913 3914 2973 3968 in

318 3992 473 4065 Corp.
508 3994 614 4063 jur.
655 4012 772 4047 can.
812 3996 951 4064 part.
991 3994 1059 4047 Π.
1098 3994 1342 4063 prolegg.
1382 3993 1481 4047 col.
1520 3993 1686 4047 LXV.

497 4074 517 4107 ²
555 4073 704 4139 Quae
742 4073 906 4128 editio
943 4074 1114 4127 refert
1148 4076 1363 4127 textum
1401 4072 1654 4127 editionis
1681 4073 1854 4127 Paris.
1894 4090 1942 4127 a.
1980 4072 2135 4138 1520,
2173 4090 2206 4126 a
2233 4074 2433 4127 Jacobo
2459 4076 2710 4127 Fontano
2749 4078 2971 4128 curatae

321 4154 709 4224 (additionibus
751 4156 939 4208 Caroli
972 4155 1250 4224 Molinaei,
1288 4154 1370 4208 1111
1406 4153 1463 4207 111
1499 4153 1667 4224 priori
1705 4153 2035 4218 collectione,
2072 4153 2153 4207 ita
2190 4153 2355 4207 etiam
2391 4154 2450 4207 in
2485 4153 2589 4208 hac
2624 4154 2970 4224 repudiatis).

315 4235 390 4290 Et
425 4235 614 4290 statim
651 4235 719 4289 ab
756 4235 911 4289 initio
956 4234 1078 4303 (col.
1122 4235 1185 4287 17
1192 4233 1462 4303 9.-180.)
1505 4233 1729 4288 adducit
1764 4236 2091 4302 Hieronymi
2131 4235 2323 4303 Clarii,
2366 4233 2629 4299 Brixiani,
2662 4234 2803 4305 juris
2839 4235 2973 4289 utri-

314 4333 489 4384 usque
527 4315 762 4370 doctoris
814 4318 870 4369 et
905 4313 1206 4385 Apostolici
1244 4313 1633 4378 Protonotarii,
1686 4332 1828 4368 saec.
1868 4314 2013 4367 XVI.
2032 4356 2045 4378 ,
2101 4314 2268 4368 breve
2305 4314 2645 4384 praeludium
2681 4314 2738 4367 in
2774 4315 2972 4369 Extra-

313 4399 599 4463 vagantes,
635 4399 755 4449 tum
798 4394 944 4463 (inde
971 4413 1003 4449 a
1030 4394 1129 4448 col.
1161 4393 1500 4462 181.—364.)
1539 4394 1720 4465 ipsum
1756 4397 1972 4448 textum
1997 4393 2497 4461 Extravagantium
2533 4412 2642 4448 11110
2680 4413 2803 4449 011111
2827 4394 2970 4464 ipsa-

312 4494 435 4530 rum
472 4476 673 4543 glossa,
712 4476 901 4529 eadem
938 4474 1148 4529 ratione
1185 4474 1527 4544 impressum,
1565 4473 1648 4527 uti
1688 4475 1752 4528 de
1789 4474 2029 4544 priorum
2067 4474 2444 4528 collectionum
2481 4477 2641 4528 textu
2678 4492 2843 4544 supra
2881 4475 2970 4528 ob-

313 4556 674 4611 servavimus,
751 4556 852 4615 Cui
887 4555 945 4609 in
980 4555 1087 4608 fine
1123 4555 1180 4608 in
1216 4554 1479 4624 peculiari
1528 4554 1656 4608 folio
1697 4555 2012 4624 adjungitur
2065 4554 2279 4622 insigne
2331 4554 2736 4609 communitatis
2791 4554 2971 4609 civilis

315 4637 481 4690 Urbis
517 4637 751 4702 Romae,
790 4640 846 4690 et
883 4635 1076 4690 deinde
1112 4653 1209 4706 per
1246 4634 1460 4702 integra
1496 4636 1611 4689 fere
1653 4636 1715 4689 11
1756 4634 1887 4688 folia
1925 4634 2302 4704 alphabeticus
2337 4635 2504 4689 index
2539 4653 2720 4689 rerum
2758 4639 2814 4690 et
2849 4653 2969 4690 ver·

312 4716 504 4771 borum
523 4759 537 4783 ,
594 4734 733 4786 quae
769 4716 826 4770 in
863 4715 1030 4770 Sexto
1067 4715 1434 4769 Decretalium
1452 4757 1464 4779 ‚
1518 4714 1872 4769 Clementinis
1923 4717 1980 4768 et
2015 4715 2523 4782 Extravagantibus
2560 4715 2829 4770 habentur
2844 4758 2858 4781 ,
2915 4717 2972 4769 et

313 4798 535 4851 tandem
571 4796 771 4851 iterum
808 4814 974 4866 supra
1010 4798 1367 4849 memoratum
1403 4794 1618 4862 insigne
1656 4794 2061 4849 communitatis
2098 4794 2279 4849 civilis
2316 4795 2510 4866 Populi
2545 4795 2789 4851 Romani.
