3355 5328
1464 346 1643 401 Sectio
1679 347 1774 402 IV.
1826 346 1860 414 ξ
1901 347 2019 401 117.
2123 376 2128 385 ·
2969 345 3073 400 183

396 506 623 572 bulla:
672 509 1151 592 Sacrosanctae,
1200 508 1260 574 d.
1296 508 1355 573 d.
1392 510 1453 573 3.
1487 507 1685 574 Mart.
1726 508 1917 585 1298,
1952 507 2036 572 ad
2067 506 2558 573 Universitates
2595 506 3076 572 Bononiensem

412 608 481 671 et
513 603 953 670 Parisiensem
977 605 1018 684 ¹,
1066 605 1405 688 seriusque
1437 606 1555 669 sub
1603 605 1815 670 bulla:
1868 606 2026 670 Cum
2056 628 2280 690 nuper,
2330 605 2389 672 d.
2426 605 2485 671 d.
2523 607 2626 671 23.
2664 603 2841 689 Sept.
2883 606 3073 682 1298,

407 702 613 787 priori
672 703 889 769 bullae
937 704 1151 787 quoad
1199 702 1639 770 substantiam
1688 723 1973 769 consona
1996 753 2010 781 ‚
2074 703 2275 768 etiam
2322 704 2405 768 ad
2454 700 3075 769 Salmanticensem²

410 800 779 866 transmisit
795 851 811 880 ,
875 822 1020 866 cum
1065 801 1412 880 mandat0,
1476 804 1552 866 ut
1609 801 1764 867 illae
1824 800 2314 867 Universitates
2372 801 2497 866 hac
2558 800 2939 866 collectione
2996 800 3076 865 de

404 901 633 977 cetero
663 898 732 963 in
772 898 1032 982 judiciis
1079 903 1147 965 et
1192 898 1260 963 in
1307 898 1547 964 scholis
1591 902 1940 965 uterentur
1984 920 2062 965 ac
2107 899 2320 964 nullas
2366 898 2531 964 alias
2564 898 2928 965 decretales
2960 902 3077 964 aut

415 996 937 1076 constitutiones
986 1019 1026 1063 a
1074 998 1562 1081 quibuscunque
1608 996 1813 1081 ipsius
1844 997 2065 1081 Papae
2110 997 2432 1062 Bonifacii
2463 998 2639 1063 VIII.
2689 996 3076 1081 praedeces-

418 1094 673 1160 soribus
720 1100 872 1179 post
918 1095 1271 1162 editionem
1318 1095 1720 1162 collectionis
1769 1094 2215 1177 Gregorianae
2267 1095 2750 1180 promulgatas,
2811 1098 3079 1178 praeter

416 1213 551 1271 eas,
601 1214 769 1275 quae
815 1193 882 1258 in
928 1194 1053 1260 hac
1100 1193 1483 1260 collectione
1513 1194 1805 1259 insertae
1853 1197 1969 1259 aut
2014 1193 2388 1277 specialiter
2433 1196 2815 1259 reservatae
2863 1195 3073 1271 erant,

414 1290 715 1356 ulterius.
738 1290 1107 1376 reciperent
1155 1296 1270 1359 aut
1315 1314 1434 1376 pro
1483 1291 1921 1357 decretalibus
1966 1291 2304 1358 haberent.

402 1542 405 1545 -
481 1496 519 1583 ξ
552 1495 670 1564 117.
734 1499 929 1565 Bulla
973 1499 1471 1586 publicationis:
1521 1501 1564 1568 S
1583 1520 1623 1567 a
1639 1518 1675 1569 c
1690 1520 1728 1566 r
1744 1520 1779 1568 ο
1797 1520 1827 1567 s
1845 1521 1885 1568 a
1901 1520 1946 1566 11
1962 1501 2041 1570 ct
2058 1520 2097 1568 a
2114 1520 2184 1584 6,
2233 1500 2296 1567 (1.
2346 1500 2410 1567 (1.
2459 1498 2517 1568 3.
2565 1499 2788 1567 Martii
2834 1496 3009 1566 1298.

592 1666 817 1733 Bulla:
867 1669 1353 1748 Sacrosanctae,
1403 1669 1463 1736 d.
1514 1669 1573 1734 d.
1626 1672 1686 1736 3.
1736 1669 1933 1736 Mart.
1990 1671 2193 1747 1298,
2251 1670 2369 1733 sub
2419 1689 2549 1749 qua
2592 1666 2789 1731 Liber
2835 1666 3077 1732 Sextus

416 1764 499 1829 ad
546 1764 1029 1831 Bononiensem
1076 1770 1145 1832 et
1189 1766 1628 1833 Parisiensem
1673 1767 2167 1833 Universitates
2215 1766 2642 1833 transmissus
2704 1767 2807 1831 est
2829 1815 2844 1843 ‚
2905 1765 3078 1829 hunc

413 1862 614 1929 habet
659 1867 956 1929 tenorem
1001 1865 1383 1930 verborum:

604 1960 1111 2039 „Sacrosanctae
1157 1963 1497 2028 Romanae
1537 1963 1894 2041 Ecclesiae,
1945 1984 2140 2046 quam
2185 1960 2769 2047 imperscrutabilis
2817 1960 3077 2025 divinae

413 2058 867 2141 providentiae
944 2059 1224 2126 altitudo
1293 2061 1617 2128 universis
1688 2061 2112 2145 dispositione
2178 2060 2692 2126 incommutabili
2762 2058 3079 2143 praetulit

413 2155 728 2221 Ecclesiis
776 2161 844 2223 et
888 2157 1094 2223 totius
1141 2158 1317 2223 orbis
1362 2159 1786 2243 praecipuum
1833 2159 2128 2225 obtinere
2173 2159 2384 2224 voluit
2428 2158 2922 2240 magistratum,
2971 2177 3077 2221 re-

413 2254 643 2335 gimini
673 2255 1143 2338 praesidentes,
1194 2256 1366 2321 curis
1399 2257 1829 2323 sollicitamur
1859 2257 2202 2334 continuis
2253 2260 2322 2322 et
2354 2256 2617 2321 assidua
2649 2255 3076 2321 meditatione

415 2372 758 2433 urgemur,
823 2358 895 2420 ut
934 2354 1131 2437 juxta
1190 2354 1480 2421 creditae
1539 2354 1727 2420 nobis
1775 2355 2280 2439 dispensationis
2328 2354 2613 2419 officium
2670 2353 3077 2419 subditorum

417 2451 773 2516 commodis
820 2450 914 2533 (in
960 2473 1235 2534 quorum
1271 2452 1713 2537 prosperitate
1759 2453 1985 2536 utique
2017 2452 2506 2537 prosperamur)
2547 2451 2709 2536 jugi,
2760 2455 3077 2534 quantum

415 2548 603 2613 nobis
650 2570 735 2614 ex
780 2549 917 2615 alto
965 2570 1343 2615 concessum
1388 2550 1607 2628 fuerit,
1657 2551 2112 2617 sollicitudinis
2159 2551 2375 2618 studio
2407 2550 2841 2617 intendamus.
2914 2549 3076 2613 Am-

414 2645 763 2730 plectimur
821 2646 1058 2732 quippe
1117 2647 1523 2715 voluntarios
1582 2671 1702 2733 pro
1763 2649 2052 2734 ipsorum
2100 2649 2319 2733 quiete
2363 2649 2657 2727 laboreS‚
2721 2651 2789 2714 et
2848 2651 3077 2713 noctes

415 2744 803 2828 quandoque
848 2745 1207 2811 transimus
1253 2747 1602 2825 insomneS,
1652 2752 1728 2813 ut
1774 2748 2086 2813 scandala
2131 2768 2590 2813 removeamus
2637 2748 2719 2811 ab
2766 2744 2926 2830 ipsis
2944 2795 2959 2823 ‚
3009 2748 3078 2811 et

415 2863 579 2925 quas
624 2842 911 2908 humana
947 2847 1186 2909 natura
1234 2842 1467 2925 (novas
1515 2866 1774 2929 semper
1821 2845 2263 2930 deproperans
2312 2846 2504 2911 edere
2551 2843 2827 2927 formas)
2853 2839 2879 2879 ³
2923 2842 3078 2908 lites

414 2940 703 3024 quotidie
749 2941 1046 3006 invenire
1093 2946 1370 3009 conatur
1388 2993 1402 3022 ,
1464 2965 1635 3009 nunc
1684 2943 2099 3027 antiquorum
2162 2943 2603 3024 declaratione
2620 2993 2636 3022 ,
2700 2963 2871 3008 nunc
2916 2962 3077 3006 vero

412 3060 735 3104 novorum
782 3039 1068 3105 editione
1107 3040 1372 3124 jurium,
1420 3044 1615 3125 prout
1661 3042 1850 3107 nobis
1898 3046 2000 3108 est
2045 3042 2372 3126 possibile,
2422 3041 2873 3125 reprimamus

604 3136 829 3215 „Sane,
879 3159 1026 3202 cum
1057 3143 1208 3222 post
1239 3141 1547 3205 volumen
1576 3140 2043 3219 Decretalium,
2094 3161 2135 3205 a
2165 3140 2375 3205 felicis
2409 3138 2883 3205 recordationis
2916 3137 3079 3203 Gre-

408 3234 599 3316 gorio
630 3235 814 3320 Papa
844 3236 956 3302 IX.
1004 3236 1510 3320 praedecessore
1557 3242 1786 3304 nostro
1832 3241 1972 3303 tam
2018 3237 2309 3322 provide,
2361 3259 2556 3320 quam
2603 3236 2856 3302 utiliter
2902 3256 3078 3300 com-

413 3332 709 3416 pilatum,
759 3334 1109 3399 nonnullae
1156 3336 1238 3400 ab
1288 3356 1386 3414 ec,
1437 3339 1504 3401 et
1552 3336 1634 3400 ab
1687 3334 1833 3401 aliis
1879 3335 2193 3400 Romanis
2239 3334 2663 3401 Pontificibus
2709 3333 3079 3414 successive

415 3452 612 3515 super
658 3430 936 3497 diversis
984 3432 1358 3500 dicerentur
1404 3433 1698 3499 articulis
1746 3433 1963 3499 editae
2009 3433 2393 3498 Decretales
2412 3483 2426 3510 ‚
2490 3434 2570 3498 de
2632 3453 2907 3515 quarum
2957 3430 3079 3496 ali-

410 3529 650 3612 quibus
668 3579 683 3608 ,
746 3551 832 3594 an
876 3530 1261 3596 Decretales
1309 3531 1674 3598 existerent
1701 3529 1746 3609 ⁴,
1810 3551 2165 3614 earumque
2227 3530 2604 3596 auctoribus
2655 3529 3080 3595 dubitabatur

415 3627 695 3693 sollicite
738 3628 806 3692 in
845 3628 1105 3711 judiciis
1153 3632 1222 3694 et
1280 3628 1349 3693 in
1407 3628 1646 3694 scholis
1667 3627 1727 3693 5:
1789 3650 1908 3694 nos
1928 3679 1941 3706 ,
2005 3628 2088 3693 ad
2136 3628 2388 3712 apicem
2436 3627 2680 3693 Summi
2726 3627 3079 3692 Pontifica-

414 3728 525 3792 tus
572 3745 855 3809 superna
903 3725 1324 3811 dispositione
1369 3726 1628 3805 vocati,
1697 3747 1894 3811 super
1938 3726 2062 3792 hoc
2109 3748 2255 3791 cum
2300 3726 2620 3791 instantia
2679 3724 2978 3807 requisiti
3038 3746 3080 3791 a

412 3822 641 3889 multis
667 3822 713 3902 ὃ.
763 3823 1262 3906 ambiguitatem
1310 3827 1377 3890 et
1422 3823 1952 3891 incertitudinem
1998 3823 2386 3908 hujusmodi,
2437 3823 2845 3907 dispendium
2874 3823 3079 3906 pluri-

416 3921 539 3986 bus
600 3923 984 3987 afferentem
1002 3971 1018 4000 ,
1082 3922 1342 3987 omnino
1402 3923 1636 3989 tollere
1701 3944 1778 3988 ac
1838 3921 2165 3988 elucidare
2183 3973 2197 4000 ‚
2262 3942 2430 4003 quae
2492 3922 2571 3987 de
2619 3915 3078 3987 Decretalibus

598 4105 616 4138 ¹
658 4105 912 4174 Potthast,
948 4105 1190 4172 Regesta
1227 4105 1443 4159 Pontiff.
1482 4105 1711 4170 Romm.,
1749 4107 1856 4160 vol.
1896 4107 1962 4159 II.
2003 4125 2054 4176 p.
2097 4106 2251 4160 1971.
2289 4123 2342 4158 n.
2382 4105 2452 4158 24
2473 4105 2592 4159 632.

598 4184 620 4217 ²
658 4186 897 4238 Potthast
931 4185 967 4238 1.
1007 4203 1052 4239 6.
1090 4203 1142 4254 p.
1186 4184 1339 4239 1978.
1376 4202 1430 4238 11.
1469 4185 1540 4238 24
1561 4185 1681 4239 726.
1760 4185 1870 4240 cfr.
1912 4188 2153 4253 Schulte,
2190 4184 2292 4238 Die
2330 4183 2660 4239 Geschichte
2700 4184 2796 4237 der
2833 4182 3077 4249 Quellen‚

416 4268 547 4319 tom.
585 4263 656 4318 ΙΙ.
693 4282 744 4334 p.
784 4265 868 4318 35.
908 4268 1017 4319 not.
1058 4266 1107 4319 6.

598 4345 619 4379 ⁸
655 4344 719 4398 Id
743 4343 948 4414 pariter
972 4344 1290 4399 observavit
1311 4345 1612 4414 Imperator
1638 4347 1989 4399 Justinianus
2014 4347 2059 4399 I.
2090 4348 2290 4399 const:
2337 4347 2528 4408 Tanta,
2557 4344 2606 4396 d.
2635 4344 2684 4396 d.
2711 4343 2793 4396 16.
2819 4342 3075 4397 Decemb.

419 4424 541 4489 533,
579 4424 612 4490 ξ
648 4423 749 4488 18.,
788 4441 896 4492 qua
932 4424 1234 4494 publicavit
1270 4424 1576 4479 Pandectas
1613 4441 1713 4478 seu
1744 4425 1988 4493 Digesta.
2057 4425 2219 4493 (Vide
2255 4424 2291 4478 1.
2331 4425 2380 4477 2.
2421 4424 2454 4491 ἓ
2496 4425 2577 4478 18.
2619 4423 2745 4478 cod.
2784 4423 2865 4476 De
2902 4423 3079 4477 veteri

413 4504 537 4575 jure
573 4504 922 4558 enucleanda
960 4504 1001 4557 I.
1045 4505 1151 4567 17.;
1191 4505 1289 4558 cfr.
1327 4504 1470 4558 infra
1500 4503 1735 4574 append.
1775 4523 1892 4574 cap.
1930 4505 1971 4559 Ι.
2012 4507 2099 4559 art
2153 4504 2227 4573 3.)

595 4587 620 4621 ⁴
655 4584 696 4637 I.
737 4601 782 4637 e.
821 4586 1006 4637 utrum
1043 4584 1310 4651 genuinae
1348 4587 1548 4646 essent,
1584 4602 1686 4638 nec
1722 4602 1806 4638 ne.

555 4708 562 4715 .
600 4665 621 4699 ⁵
659 4662 746 4717 Gl.
784 4664 853 4717 ad
889 4662 943 4717 h.
981 4664 1187 4717 bullam
1223 4682 1276 4718 v.
1312 4666 1654 4718 auctoribus:
1696 4664 1881 4729 „Sicut
1916 4667 2036 4719 erat
2071 4664 2126 4718 in
2165 4663 2425 4718 decretali
2451 4662 2700 4731 Gregorii
2725 4664 2836 4728 IX„
2873 4663 2970 4717 inf.
3011 4665 3077 4717 de

418 4743 596 4798 restit.
634 4742 692 4796 in
726 4743 923 4811 integr.
964 4761 1009 4797 c.
1052 4745 1098 4797 1.
1144 4743 1201 4812 (i.
1242 4762 1287 4797 6.
1328 4761 1443 4813 cap.
1486 4744 1533 4798 1.
1573 4745 1639 4798 de
1675 4745 1851 4798 restit.
1890 4745 1948 4798 in
1983 4745 2182 4813 integr.
2220 4745 2262 4798 Ι.
2291 4743 2424 4812 21.),
2463 4761 2628 4812 quam
2665 4743 2884 4813 quidam
2924 4743 3077 4797 attri-

419 4824 660 4878 buebant
694 4823 1007 4877 Alexandro
1044 4824 1169 4888 ΠΙ.;
1215 4826 1271 4876 et
1306 4823 1449 4877 idem
1485 4823 1543 4876 in
1579 4823 1897 4878 similibu3.“
2213 4825 2235 4860 ⁶
2273 4823 2384 4877 cfr.
2423 4840 2588 4893 supra
2624 4842 2675 4894 p.
2718 4824 2837 4879 177.
2875 4827 2985 4878 not.
3028 4823 3075 4877 1.

3069 4983 3144 5036 f
