<?xml version="1.0" encoding="UTF-8"?>
<!DOCTYPE html PUBLIC "-//W3C//DTD XHTML 1.0 Transitional//EN"
    "http://www.w3.org/TR/xhtml1/DTD/xhtml1-transitional.dtd">
<html xmlns="http://www.w3.org/1999/xhtml" xml:lang="en" lang="en">
 <head>
  <title>
</title>
<meta http-equiv="Content-Type" content="text/html;charset=utf-8" />
  <meta name='ocr-system' content='tesseract 3.04.00' />
  <meta name='ocr-capabilities' content='ocr_page ocr_carea ocr_par ocr_line ocrx_word'/>
</head>
<body>
  <div class='ocr_page' id='page_1' title='image "./introductioinco00laurgoog_0038.png"; bbox 0 0 3355 5328; ppageno 0'>
   <div class='ocr_carea' id='block_1_1' title="bbox 413 313 2163 371">
    <p class='ocr_par' dir='ltr' id='par_1_1' title="bbox 413 313 2163 371">
     <span class='ocr_line' id='line_1_1' title="bbox 413 313 2163 371; baseline 0.001 -5"><span class='ocrx_word' id='word_1_1' title='bbox 413 313 480 366; x_wconf 90' lang='lat'>14</span> <span class='ocrx_word' id='word_1_2' title='bbox 1310 316 1448 369; x_wconf 88' lang='lat' dir='ltr'>Pars</span> <span class='ocrx_word' id='word_1_3' title='bbox 1483 316 1525 369; x_wconf 83' lang='lat'>1:</span> <span class='ocrx_word' id='word_1_4' title='bbox 1540 338 1543 339; x_wconf 42' lang='lat'><em>⁷</em></span> <span class='ocrx_word' id='word_1_5' title='bbox 1556 317 1863 371; x_wconf 75' lang='lat' dir='ltr'>Decretum</span> <span class='ocrx_word' id='word_1_6' title='bbox 1900 315 2163 370; x_wconf 85' lang='lat' dir='ltr'>Gratiani.</span> 
     </span>
    </p>
   </div>
   <div class='ocr_carea' id='block_1_2' title="bbox 408 474 3063 1050">
    <p class='ocr_par' dir='ltr' id='par_1_2' title="bbox 587 474 2866 558">
     <span class='ocr_line' id='line_1_2' title="bbox 587 474 2866 558; baseline 0.004 -19"><span class='ocrx_word' id='word_1_7' title='bbox 587 474 986 558; x_wconf 82' lang='lat' dir='ltr'>Quandoque</span> <span class='ocrx_word' id='word_1_8' title='bbox 1031 480 1256 542; x_wconf 90' lang='lat' dir='ltr'>tamen</span> <span class='ocrx_word' id='word_1_9' title='bbox 1303 477 1478 543; x_wconf 87' lang='lat' dir='ltr'>dicta</span> <span class='ocrx_word' id='word_1_10' title='bbox 1526 478 1825 545; x_wconf 78' lang='lat' dir='ltr'>Gratiani</span> <span class='ocrx_word' id='word_1_11' title='bbox 1873 478 2131 544; x_wconf 88' lang='lat' dir='ltr'>omnino</span> <span class='ocrx_word' id='word_1_12' title='bbox 2177 477 2469 543; x_wconf 90' lang='lat' dir='ltr'>breviter</span> <span class='ocrx_word' id='word_1_13' title='bbox 2514 477 2802 544; x_wconf 74' lang='lat' dir='ltr'>citantur</span> <span class='ocrx_word' id='word_1_14' title='bbox 2823 478 2866 549; x_wconf 84' lang='lat'>¹.</span> 
     </span>
    </p>

    <p class='ocr_par' dir='ltr' id='par_1_3' title="bbox 588 570 3060 657">
     <span class='ocr_line' id='line_1_3' title="bbox 588 570 3060 657; baseline 0.002 -19"><span class='ocrx_word' id='word_1_15' title='bbox 588 575 963 639; x_wconf 82' lang='lat' dir='ltr'>Su-mmaria</span> <span class='ocrx_word' id='word_1_16' title='bbox 1010 596 1331 639; x_wconf 90' lang='lat' dir='ltr'>canonum</span> <span class='ocrx_word' id='word_1_17' title='bbox 1391 597 1554 642; x_wconf 91' lang='lat' dir='ltr'>voce</span> <span class='ocrx_word' id='word_1_18' title='bbox 1600 570 2021 642; x_wconf 77' lang='lat' dir='ltr'>summarium</span> <span class='ocrx_word' id='word_1_19' title='bbox 2068 580 2136 642; x_wconf 93' lang='lat' dir='ltr'>et</span> <span class='ocrx_word' id='word_1_20' title='bbox 2180 576 2291 641; x_wconf 94' lang='lat' dir='ltr'>illo</span> <span class='ocrx_word' id='word_1_21' title='bbox 2338 599 2578 642; x_wconf 88' lang='lat' dir='ltr'>canone</span> <span class='ocrx_word' id='word_1_22' title='bbox 2626 577 2999 657; x_wconf 74' lang='lat' dir='ltr'>allegantur</span> <span class='ocrx_word' id='word_1_23' title='bbox 3015 575 3060 642; x_wconf 81' lang='lat'>².</span> 
     </span>
    </p>

    <p class='ocr_par' dir='ltr' id='par_1_4' title="bbox 408 670 3063 1050">
     <span class='ocr_line' id='line_1_4' title="bbox 586 670 3063 757; baseline 0.002 -22"><span class='ocrx_word' id='word_1_24' title='bbox 586 670 647 735; x_wconf 91' lang='lat' dir='ltr'>A</span> <span class='ocrx_word' id='word_1_25' title='bbox 704 671 1058 738; x_wconf 90' lang='lat' dir='ltr'>canonistis</span> <span class='ocrx_word' id='word_1_26' title='bbox 1121 676 1585 757; x_wconf 78' lang='lat' dir='ltr'>antiquioribus</span> <span class='ocrx_word' id='word_1_27' title='bbox 1646 675 1825 740; x_wconf 88' lang='lat' dir='ltr'>dicta</span> <span class='ocrx_word' id='word_1_28' title='bbox 1871 674 2171 740; x_wconf 78' lang='lat' dir='ltr'>Gratiani</span> <span class='ocrx_word' id='word_1_29' title='bbox 2233 674 2344 738; x_wconf 91' lang='lat' dir='ltr'>vel</span> <span class='ocrx_word' id='word_1_30' title='bbox 2402 695 2628 739; x_wconf 91' lang='lat' dir='ltr'>eorum</span> <span class='ocrx_word' id='word_1_31' title='bbox 2683 673 3063 755; x_wconf 87' lang='lat' dir='ltr'>fragmenta</span> 
     </span>
     <span class='ocr_line' id='line_1_5' title="bbox 411 767 3063 855; baseline 0.003 -24"><span class='ocrx_word' id='word_1_32' title='bbox 411 767 700 834; x_wconf 81' lang='lat' dir='ltr'>citantur</span> <span class='ocrx_word' id='word_1_33' title='bbox 745 769 932 852; x_wconf 89' lang='lat' dir='ltr'>signo</span> <span class='ocrx_word' id='word_1_34' title='bbox 979 770 1015 850; x_wconf 64' lang='grc' dir='ltr'>ἓ</span> <span class='ocrx_word' id='word_1_35' title='bbox 1064 774 1131 835; x_wconf 91' lang='lat' dir='ltr'>et</span> <span class='ocrx_word' id='word_1_36' title='bbox 1176 771 1411 837; x_wconf 85' lang='lat' dir='ltr'>initiali</span> <span class='ocrx_word' id='word_1_37' title='bbox 1455 773 1692 837; x_wconf 92' lang='lat' dir='ltr'>vocula</span> <span class='ocrx_word' id='word_1_38' title='bbox 1736 773 1845 837; x_wconf 93' lang='lat' dir='ltr'>vel</span> <span class='ocrx_word' id='word_1_39' title='bbox 1890 794 2160 837; x_wconf 91' lang='lat' dir='ltr'>numero</span> <span class='ocrx_word' id='word_1_40' title='bbox 2199 772 2372 836; x_wconf 91' lang='lat' dir='ltr'>illius</span> <span class='ocrx_word' id='word_1_41' title='bbox 2406 772 2562 838; x_wconf 89' lang='lat' dir='ltr'>dicti</span> <span class='ocrx_word' id='word_1_42' title='bbox 2608 773 2831 855; x_wconf 80' lang='lat' dir='ltr'>ejusve</span> <span class='ocrx_word' id='word_1_43' title='bbox 2877 772 3063 854; x_wconf 83' lang='lat' dir='ltr'>frag-</span> 
     </span>
     <span class='ocr_line' id='line_1_6' title="bbox 409 866 3061 956; baseline 0.002 -27"><span class='ocrx_word' id='word_1_44' title='bbox 409 866 631 944; x_wconf 87' lang='lat' dir='ltr'>menti,</span> <span class='ocrx_word' id='word_1_45' title='bbox 682 871 880 948; x_wconf 89' lang='lat' dir='ltr'>atque</span> <span class='ocrx_word' id='word_1_46' title='bbox 927 868 1324 950; x_wconf 85' lang='lat' dir='ltr'>allegatione</span> <span class='ocrx_word' id='word_1_47' title='bbox 1370 870 1570 935; x_wconf 91' lang='lat' dir='ltr'>solius</span> <span class='ocrx_word' id='word_1_48' title='bbox 1604 873 2043 954; x_wconf 80' lang='lat' dir='ltr'>distinctionis,</span> <span class='ocrx_word' id='word_1_49' title='bbox 2091 871 2201 936; x_wconf 94' lang='lat' dir='ltr'>vel</span> <span class='ocrx_word' id='word_1_50' title='bbox 2247 893 2477 936; x_wconf 84' lang='lat' dir='ltr'>causae</span> <span class='ocrx_word' id='word_1_51' title='bbox 2507 874 2625 936; x_wconf 91' lang='lat' dir='ltr'>aut</span> <span class='ocrx_word' id='word_1_52' title='bbox 2655 873 3061 956; x_wconf 79' lang='lat' dir='ltr'>quaestionis,</span> 
     </span>
     <span class='ocr_line' id='line_1_7' title="bbox 408 963 2303 1050; baseline 0.004 -24"><span class='ocrx_word' id='word_1_53' title='bbox 408 963 476 1027; x_wconf 92' lang='lat' dir='ltr'>in</span> <span class='ocrx_word' id='word_1_54' title='bbox 523 986 650 1046; x_wconf 92' lang='lat' dir='ltr'>qua</span> <span class='ocrx_word' id='word_1_55' title='bbox 694 965 855 1030; x_wconf 92' lang='lat' dir='ltr'>illud</span> <span class='ocrx_word' id='word_1_56' title='bbox 902 965 1146 1032; x_wconf 89' lang='lat' dir='ltr'>dictum</span> <span class='ocrx_word' id='word_1_57' title='bbox 1194 969 1417 1050; x_wconf 81' lang='lat' dir='ltr'>ejusve</span> <span class='ocrx_word' id='word_1_58' title='bbox 1464 968 1908 1050; x_wconf 79' lang='lat' dir='ltr'>fragmentum</span> <span class='ocrx_word' id='word_1_59' title='bbox 1955 968 2238 1034; x_wconf 88' lang='lat' dir='ltr'>occurrit</span> <span class='ocrx_word' id='word_1_60' title='bbox 2258 965 2303 1034; x_wconf 78' lang='lat'>³.</span> 
     </span>
    </p>
   </div>
   <div class='ocr_carea' id='block_1_3' title="bbox 408 1154 3063 1351">
    <p class='ocr_par' dir='ltr' id='par_1_5' title="bbox 408 1154 3063 1351">
     <span class='ocr_line' id='line_1_8' title="bbox 408 1154 3063 1263; baseline 0.001 -24"><span class='ocrx_word' id='word_1_61' title='bbox 408 1172 448 1258; x_wconf 62' lang='grc' dir='ltr'>ξ</span> <span class='ocrx_word' id='word_1_62' title='bbox 495 1171 574 1240; x_wconf 93' lang='lat' dir='ltr'>ll.</span> <span class='ocrx_word' id='word_1_63' title='bbox 651 1175 1131 1259; x_wconf 86' lang='lat' dir='ltr'>Auctoritates‚</span> <span class='ocrx_word' id='word_1_64' title='bbox 1180 1178 1412 1263; x_wconf 87' lang='lat' dir='ltr'>quibus</span> <span class='ocrx_word' id='word_1_65' title='bbox 1446 1177 1803 1244; x_wconf 78' lang='lat' dir='ltr'>Gratianus</span> <span class='ocrx_word' id='word_1_66' title='bbox 1851 1177 2031 1244; x_wconf 87' lang='lat' dir='ltr'>dicta</span> <span class='ocrx_word' id='word_1_67' title='bbox 2079 1154 2199 1244; x_wconf 83' lang='lat' dir='ltr'>sua</span> <span class='ocrx_word' id='word_1_68' title='bbox 2246 1178 2604 1260; x_wconf 84' lang='lat' dir='ltr'>confirmat,</span> <span class='ocrx_word' id='word_1_69' title='bbox 2652 1178 2719 1244; x_wconf 85' lang='lat' dir='ltr'>et</span> <span class='ocrx_word' id='word_1_70' title='bbox 2767 1175 3063 1262; x_wconf 86' lang='lat' dir='ltr'>quidem:</span> 
     </span>
     <span class='ocr_line' id='line_1_9' title="bbox 1114 1282 2260 1351; baseline 0.001 -3"><span class='ocrx_word' id='word_1_71' title='bbox 1114 1283 1191 1348; x_wconf 91' lang='lat' dir='ltr'>A.</span> <span class='ocrx_word' id='word_1_72' title='bbox 1255 1301 1486 1351; x_wconf 85' lang='lat' dir='ltr'>sacrae</span> <span class='ocrx_word' id='word_1_73' title='bbox 1536 1302 1650 1349; x_wconf 83' lang='lat' dir='ltr'>seu</span> <span class='ocrx_word' id='word_1_74' title='bbox 1701 1282 2192 1351; x_wconf 85' lang='lat' dir='ltr'>ecclesiasticae</span> <span class='ocrx_word' id='word_1_75' title='bbox 2215 1282 2260 1349; x_wconf 76' lang='lat'>⁴.</span> 
     </span>
    </p>
   </div>
   <div class='ocr_carea' id='block_1_4' title="bbox 409 1447 3067 1633">
    <p class='ocr_par' dir='ltr' id='par_1_6' title="bbox 409 1447 3067 1633">
     <span class='ocr_line' id='line_1_10' title="bbox 587 1447 3067 1534; baseline 0.001 -22"><span class='ocrx_word' id='word_1_76' title='bbox 587 1447 1038 1515; x_wconf 80' lang='lat' dir='ltr'>Auctoritates</span> <span class='ocrx_word' id='word_1_77' title='bbox 1056 1500 1070 1528; x_wconf 90' lang='lat'><strong><em>‚</em></strong></span> <span class='ocrx_word' id='word_1_78' title='bbox 1135 1451 1366 1532; x_wconf 86' lang='lat' dir='ltr'>quibus</span> <span class='ocrx_word' id='word_1_79' title='bbox 1415 1452 1769 1517; x_wconf 81' lang='lat' dir='ltr'>Gratianus</span> <span class='ocrx_word' id='word_1_80' title='bbox 1817 1452 1992 1517; x_wconf 91' lang='lat' dir='ltr'>dicta</span> <span class='ocrx_word' id='word_1_81' title='bbox 2037 1473 2157 1517; x_wconf 89' lang='lat' dir='ltr'>sua</span> <span class='ocrx_word' id='word_1_82' title='bbox 2203 1453 2566 1529; x_wconf 80' lang='lat' dir='ltr'>confimat,</span> <span class='ocrx_word' id='word_1_83' title='bbox 2622 1455 2777 1517; x_wconf 89' lang='lat' dir='ltr'>sunt</span> <span class='ocrx_word' id='word_1_84' title='bbox 2820 1450 3067 1534; x_wconf 89' lang='lat' dir='ltr'>partim</span> 
     </span>
     <span class='ocr_line' id='line_1_11' title="bbox 409 1550 2021 1633; baseline 0.004 -24"><span class='ocrx_word' id='word_1_85' title='bbox 409 1567 633 1610; x_wconf 77' lang='lat' dir='ltr'>sacrae</span> <span class='ocrx_word' id='word_1_86' title='bbox 679 1567 795 1611; x_wconf 88' lang='lat' dir='ltr'>seu</span> <span class='ocrx_word' id='word_1_87' title='bbox 844 1550 1309 1633; x_wconf 76' lang='lat' dir='ltr'>ecclesiastieae,</span> <span class='ocrx_word' id='word_1_88' title='bbox 1356 1550 1598 1633; x_wconf 89' lang='lat' dir='ltr'>partim</span> <span class='ocrx_word' id='word_1_89' title='bbox 1646 1553 2021 1616; x_wconf 78' lang='lat' dir='ltr'>saeculares,</span> 
     </span>
    </p>
   </div>
   <div class='ocr_carea' id='block_1_5' title="bbox 411 1652 3074 2917">
    <p class='ocr_par' dir='ltr' id='par_1_7' title="bbox 590 1652 2546 1741">
     <span class='ocr_line' id='line_1_12' title="bbox 590 1652 2546 1741; baseline 0.002 -24"><span class='ocrx_word' id='word_1_90' title='bbox 590 1652 696 1717; x_wconf 90' lang='lat' dir='ltr'>Ad</span> <span class='ocrx_word' id='word_1_91' title='bbox 743 1675 967 1719; x_wconf 88' lang='lat' dir='ltr'>sacras</span> <span class='ocrx_word' id='word_1_92' title='bbox 1013 1676 1129 1720; x_wconf 91' lang='lat' dir='ltr'>seu</span> <span class='ocrx_word' id='word_1_93' title='bbox 1175 1657 1655 1722; x_wconf 89' lang='lat' dir='ltr'>ecclesiasticas</span> <span class='ocrx_word' id='word_1_94' title='bbox 1702 1657 2135 1723; x_wconf 82' lang='lat' dir='ltr'>auctoritates</span> <span class='ocrx_word' id='word_1_95' title='bbox 2180 1656 2546 1741; x_wconf 86' lang='lat' dir='ltr'>pertinent:</span> 
     </span>
    </p>

    <p class='ocr_par' dir='ltr' id='par_1_8' title="bbox 593 1751 1962 1837">
     <span class='ocr_line' id='line_1_13' title="bbox 593 1751 1962 1837; baseline 0.004 -23"><span class='ocrx_word' id='word_1_96' title='bbox 593 1754 648 1816; x_wconf 92' lang='lat'>1.</span> <span class='ocrx_word' id='word_1_97' title='bbox 698 1751 853 1815; x_wconf 91' lang='lat' dir='ltr'>Loci</span> <span class='ocrx_word' id='word_1_98' title='bbox 901 1753 962 1818; x_wconf 82' lang='lat' dir='ltr'>S.</span> <span class='ocrx_word' id='word_1_99' title='bbox 1014 1753 1390 1837; x_wconf 78' lang='lat' dir='ltr'>Scripturas</span> <span class='ocrx_word' id='word_1_100' title='bbox 1436 1755 1516 1820; x_wconf 91' lang='lat' dir='ltr'>V.</span> <span class='ocrx_word' id='word_1_101' title='bbox 1568 1759 1637 1820; x_wconf 93' lang='lat' dir='ltr'>et</span> <span class='ocrx_word' id='word_1_102' title='bbox 1681 1755 1766 1820; x_wconf 88' lang='lat' dir='ltr'>N.</span> <span class='ocrx_word' id='word_1_103' title='bbox 1815 1756 1886 1821; x_wconf 83' lang='lat' dir='ltr'>F.</span> <span class='ocrx_word' id='word_1_104' title='bbox 1916 1757 1962 1820; x_wconf 83' lang='lat'>⁵.</span> 
     </span>
    </p>

    <p class='ocr_par' dir='ltr' id='par_1_9' title="bbox 413 1847 3067 2128">
     <span class='ocr_line' id='line_1_14' title="bbox 593 1847 3065 1937; baseline -0.002 -24"><span class='ocrx_word' id='word_1_105' title='bbox 593 1851 651 1914; x_wconf 83' lang='lat'>2.</span> <span class='ocrx_word' id='word_1_106' title='bbox 704 1849 809 1914; x_wconf 86' lang='lat' dir='ltr'>Sic</span> <span class='ocrx_word' id='word_1_107' title='bbox 855 1850 1011 1916; x_wconf 91' lang='lat' dir='ltr'>dicti</span> <span class='ocrx_word' id='word_1_108' title='bbox 1061 1853 1348 1917; x_wconf 82' lang='lat' dir='ltr'>Canones</span> <span class='ocrx_word' id='word_1_109' title='bbox 1392 1853 1834 1937; x_wconf 78' lang='lat' dir='ltr'>Apostolorum</span> <span class='ocrx_word' id='word_1_110' title='bbox 1894 1849 2150 1934; x_wconf 81' lang='grc' dir='ltr'>(κανόνες</span> <span class='ocrx_word' id='word_1_111' title='bbox 2207 1856 2321 1912; x_wconf 86' lang='grc' dir='ltr'>τῶν</span> <span class='ocrx_word' id='word_1_112' title='bbox 2382 1849 2558 1930; x_wconf 81' lang='grc' dir='ltr'>ἁγίων</span> <span class='ocrx_word' id='word_1_113' title='bbox 2617 1847 2996 1932; x_wconf 80' lang='grc' dir='ltr'>Ἀποστὸλων)</span> <span class='ocrx_word' id='word_1_114' title='bbox 3020 1849 3065 1928; x_wconf 76' lang='lat'>⁶,</span> 
     </span>
     <span class='ocr_line' id='line_1_15' title="bbox 415 1946 3067 2036; baseline 0.002 -26"><span class='ocrx_word' id='word_1_115' title='bbox 415 1949 484 2011; x_wconf 91' lang='lat' dir='ltr'>et</span> <span class='ocrx_word' id='word_1_116' title='bbox 530 1946 790 2027; x_wconf 91' lang='lat' dir='ltr'>quidem</span> <span class='ocrx_word' id='word_1_117' title='bbox 835 1947 903 2011; x_wconf 97' lang='lat' dir='ltr'>in</span> <span class='ocrx_word' id='word_1_118' title='bbox 951 1969 1174 2013; x_wconf 89' lang='lat' dir='ltr'>eorum</span> <span class='ocrx_word' id='word_1_119' title='bbox 1233 1949 1537 2015; x_wconf 86' lang='lat' dir='ltr'>versione</span> <span class='ocrx_word' id='word_1_120' title='bbox 1582 1949 1791 2016; x_wconf 92' lang='lat' dir='ltr'>latina</span> <span class='ocrx_word' id='word_1_121' title='bbox 1810 2001 1824 2028; x_wconf 88' lang='lat'><strong>,</strong></span> <span class='ocrx_word' id='word_1_122' title='bbox 1882 1972 1923 2015; x_wconf 91' lang='lat' dir='ltr'>a</span> <span class='ocrx_word' id='word_1_123' title='bbox 1969 1953 2279 2036; x_wconf 75' lang='lat' dir='ltr'>Dionysio</span> <span class='ocrx_word' id='word_1_124' title='bbox 2326 1952 2595 2036; x_wconf 61' lang='lat' dir='ltr'>lituique,</span> <span class='ocrx_word' id='word_1_125' title='bbox 2645 1949 2884 2015; x_wconf 86' lang='lat' dir='ltr'>abbate</span> <span class='ocrx_word' id='word_1_126' title='bbox 2931 1950 3067 2014; x_wconf 88' lang='lat' dir='ltr'>Ro-</span> 
     </span>
     <span class='ocr_line' id='line_1_16' title="bbox 413 2044 1605 2128; baseline 0.005 -21"><span class='ocrx_word' id='word_1_127' title='bbox 413 2065 607 2108; x_wconf 91' lang='lat' dir='ltr'>mano</span> <span class='ocrx_word' id='word_1_128' title='bbox 656 2044 728 2125; x_wconf 86' lang='lat'>(†</span> <span class='ocrx_word' id='word_1_129' title='bbox 775 2066 827 2111; x_wconf 93' lang='lat' dir='ltr'>c.</span> <span class='ocrx_word' id='word_1_130' title='bbox 879 2068 936 2112; x_wconf 91' lang='lat' dir='ltr'>a.</span> <span class='ocrx_word' id='word_1_131' title='bbox 988 2046 1166 2128; x_wconf 84' lang='lat'><strong>536),</strong></span> <span class='ocrx_word' id='word_1_132' title='bbox 1215 2048 1536 2113; x_wconf 89' lang='lat' dir='ltr'>adornata</span> <span class='ocrx_word' id='word_1_133' title='bbox 1564 2046 1605 2114; x_wconf 88' lang='lat'>⁷.</span> 
     </span>
    </p>

    <p class='ocr_par' dir='ltr' id='par_1_10' title="bbox 411 2143 3069 2624">
     <span class='ocr_line' id='line_1_17' title="bbox 593 2143 3067 2229; baseline 0.002 -24"><span class='ocrx_word' id='word_1_134' title='bbox 593 2144 652 2208; x_wconf 86' lang='lat'>3.</span> <span class='ocrx_word' id='word_1_135' title='bbox 703 2143 997 2208; x_wconf 87' lang='lat' dir='ltr'>Canones</span> <span class='ocrx_word' id='word_1_136' title='bbox 1043 2145 1442 2228; x_wconf 87' lang='lat' dir='ltr'>synodorum</span> <span class='ocrx_word' id='word_1_137' title='bbox 1460 2196 1475 2224; x_wconf 89' lang='lat'><strong><em>‚</em></strong></span> <span class='ocrx_word' id='word_1_138' title='bbox 1536 2146 1943 2227; x_wconf 86' lang='lat' dir='ltr'>generalium</span> <span class='ocrx_word' id='word_1_139' title='bbox 2004 2149 2073 2211; x_wconf 90' lang='lat' dir='ltr'>et</span> <span class='ocrx_word' id='word_1_140' title='bbox 2117 2145 2642 2229; x_wconf 87' lang='lat' dir='ltr'>particularium,</span> <span class='ocrx_word' id='word_1_141' title='bbox 2710 2166 3067 2226; x_wconf 89' lang='lat' dir='ltr'>earumque</span> 
     </span>
     <span class='ocr_line' id='line_1_18' title="bbox 412 2239 3066 2325; baseline 0.002 -22"><span class='ocrx_word' id='word_1_142' title='bbox 412 2242 554 2303; x_wconf 88' lang='lat' dir='ltr'>tum</span> <span class='ocrx_word' id='word_1_143' title='bbox 598 2239 971 2320; x_wconf 89' lang='lat' dir='ltr'>latinarum,</span> <span class='ocrx_word' id='word_1_144' title='bbox 1019 2246 1162 2306; x_wconf 91' lang='lat' dir='ltr'>tum</span> <span class='ocrx_word' id='word_1_145' title='bbox 1207 2264 1614 2324; x_wconf 90' lang='lat' dir='ltr'>graecarum,</span> <span class='ocrx_word' id='word_1_146' title='bbox 1665 2247 1735 2309; x_wconf 91' lang='lat' dir='ltr'>et</span> <span class='ocrx_word' id='word_1_147' title='bbox 1778 2245 2011 2309; x_wconf 89' lang='lat' dir='ltr'>harum</span> <span class='ocrx_word' id='word_1_148' title='bbox 2056 2243 2315 2325; x_wconf 91' lang='lat' dir='ltr'>quidem</span> <span class='ocrx_word' id='word_1_149' title='bbox 2345 2244 2412 2308; x_wconf 95' lang='lat' dir='ltr'>in</span> <span class='ocrx_word' id='word_1_150' title='bbox 2442 2244 2743 2309; x_wconf 88' lang='lat' dir='ltr'>versione</span> <span class='ocrx_word' id='word_1_151' title='bbox 2788 2243 2998 2308; x_wconf 91' lang='lat' dir='ltr'>latina</span> <span class='ocrx_word' id='word_1_152' title='bbox 3018 2243 3066 2322; x_wconf 77' lang='lat'>⁸,</span> 
     </span>
     <span class='ocr_line' id='line_1_19' title="bbox 411 2338 3067 2426; baseline 0.002 -25"><span class='ocrx_word' id='word_1_153' title='bbox 411 2357 619 2418; x_wconf 89' lang='lat' dir='ltr'>eaque</span> <span class='ocrx_word' id='word_1_154' title='bbox 664 2339 773 2403; x_wconf 92' lang='lat' dir='ltr'>vel</span> <span class='ocrx_word' id='word_1_155' title='bbox 804 2341 1210 2426; x_wconf 72' lang='lat' dir='ltr'>Dionysiana</span> <span class='ocrx_word' id='word_1_156' title='bbox 1256 2343 1446 2408; x_wconf 91' lang='lat' dir='ltr'>modo</span> <span class='ocrx_word' id='word_1_157' title='bbox 1494 2345 1880 2421; x_wconf 87' lang='lat' dir='ltr'>memorata,</span> <span class='ocrx_word' id='word_1_158' title='bbox 1927 2343 2036 2407; x_wconf 93' lang='lat' dir='ltr'>vel</span> <span class='ocrx_word' id='word_1_159' title='bbox 2066 2344 2442 2407; x_wconf 82' lang='lat' dir='ltr'>Isidoriana</span> <span class='ocrx_word' id='word_1_160' title='bbox 2488 2363 2604 2407; x_wconf 91' lang='lat' dir='ltr'>seu</span> <span class='ocrx_word' id='word_1_161' title='bbox 2636 2344 2999 2426; x_wconf 76' lang='lat' dir='ltr'>Hispan-ica</span> <span class='ocrx_word' id='word_1_162' title='bbox 3019 2338 3067 2407; x_wconf 81' lang='lat'>⁹.</span> 
     </span>
     <span class='ocr_line' id='line_1_20' title="bbox 412 2435 3069 2523; baseline 0.002 -24"><span class='ocrx_word' id='word_1_163' title='bbox 412 2435 616 2501; x_wconf 88' lang='lat' dir='ltr'>Immo</span> <span class='ocrx_word' id='word_1_164' title='bbox 665 2457 861 2520; x_wconf 89' lang='lat' dir='ltr'>saepe</span> <span class='ocrx_word' id='word_1_165' title='bbox 911 2438 1263 2505; x_wconf 80' lang='lat' dir='ltr'>Gratianus</span> <span class='ocrx_word' id='word_1_166' title='bbox 1312 2441 1588 2505; x_wconf 92' lang='lat' dir='ltr'>eundem</span> <span class='ocrx_word' id='word_1_167' title='bbox 1635 2462 1954 2507; x_wconf 88' lang='lat' dir='ltr'>canonem</span> <span class='ocrx_word' id='word_1_168' title='bbox 2008 2440 2280 2523; x_wconf 88' lang='lat' dir='ltr'>alicujus</span> <span class='ocrx_word' id='word_1_169' title='bbox 2326 2440 2557 2523; x_wconf 90' lang='lat' dir='ltr'>synodi</span> <span class='ocrx_word' id='word_1_170' title='bbox 2611 2460 2890 2521; x_wconf 89' lang='lat' dir='ltr'>graecae</span> <span class='ocrx_word' id='word_1_171' title='bbox 2936 2461 3069 2504; x_wconf 91' lang='lat' dir='ltr'>uno</span> 
     </span>
     <span class='ocr_line' id='line_1_21' title="bbox 413 2533 2619 2624; baseline 0.004 -28"><span class='ocrx_word' id='word_1_172' title='bbox 413 2533 556 2597; x_wconf 95' lang='grc'>1060</span> <span class='ocrx_word' id='word_1_173' title='bbox 605 2534 871 2600; x_wconf 85' lang='lat' dir='ltr'>adducit</span> <span class='ocrx_word' id='word_1_174' title='bbox 915 2536 982 2599; x_wconf 93' lang='lat' dir='ltr'>in</span> <span class='ocrx_word' id='word_1_175' title='bbox 1026 2537 1329 2603; x_wconf 89' lang='lat' dir='ltr'>versione</span> <span class='ocrx_word' id='word_1_176' title='bbox 1376 2540 1772 2622; x_wconf 80' lang='lat' dir='ltr'>Isidoriana,</span> <span class='ocrx_word' id='word_1_177' title='bbox 1821 2539 1950 2603; x_wconf 90' lang='lat' dir='ltr'>alio</span> <span class='ocrx_word' id='word_1_178' title='bbox 1997 2538 2065 2602; x_wconf 93' lang='lat' dir='ltr'>in</span> <span class='ocrx_word' id='word_1_179' title='bbox 2113 2540 2519 2624; x_wconf 72' lang='lat' dir='ltr'>Dionysiana</span> <span class='ocrx_word' id='word_1_180' title='bbox 2549 2533 2619 2604; x_wconf 85' lang='lat'>¹⁰.</span> 
     </span>
    </p>

    <p class='ocr_par' dir='ltr' id='par_1_11' title="bbox 413 2631 3074 2917">
     <span class='ocr_line' id='line_1_22' title="bbox 593 2631 3068 2720; baseline 0.002 -25"><span class='ocrx_word' id='word_1_181' title='bbox 593 2633 653 2697; x_wconf 88' lang='grc'>4.</span> <span class='ocrx_word' id='word_1_182' title='bbox 702 2631 1021 2699; x_wconf 90' lang='lat' dir='ltr'>Diversae</span> <span class='ocrx_word' id='word_1_183' title='bbox 1069 2636 1569 2702; x_wconf 87' lang='lat' dir='ltr'>constitutiones</span> <span class='ocrx_word' id='word_1_184' title='bbox 1615 2637 2007 2720; x_wconf 88' lang='lat' dir='ltr'>pontificiae,</span> <span class='ocrx_word' id='word_1_185' title='bbox 2056 2636 2197 2702; x_wconf 89' lang='lat' dir='ltr'>sive</span> <span class='ocrx_word' id='word_1_186' title='bbox 2244 2658 2361 2720; x_wconf 86' lang='lat' dir='ltr'>pro</span> <span class='ocrx_word' id='word_1_187' title='bbox 2393 2635 2691 2701; x_wconf 90' lang='lat' dir='ltr'>Ecclesia</span> <span class='ocrx_word' id='word_1_188' title='bbox 2736 2635 3068 2714; x_wconf 87' lang='lat' dir='ltr'>universa,</span> 
     </span>
     <span class='ocr_line' id='line_1_23' title="bbox 413 2728 3074 2819; baseline 0.003 -27"><span class='ocrx_word' id='word_1_189' title='bbox 413 2728 553 2793; x_wconf 90' lang='lat' dir='ltr'>sive</span> <span class='ocrx_word' id='word_1_190' title='bbox 584 2732 1037 2797; x_wconf 90' lang='lat' dir='ltr'>tantummodo</span> <span class='ocrx_word' id='word_1_191' title='bbox 1068 2755 1187 2817; x_wconf 89' lang='lat' dir='ltr'>pro</span> <span class='ocrx_word' id='word_1_192' title='bbox 1221 2735 1441 2817; x_wconf 90' lang='lat' dir='ltr'>aliqua</span> <span class='ocrx_word' id='word_1_193' title='bbox 1462 2735 1798 2800; x_wconf 88' lang='lat' dir='ltr'>Ecclesiae</span> <span class='ocrx_word' id='word_1_194' title='bbox 1829 2739 2020 2819; x_wconf 88' lang='lat' dir='ltr'>parte</span> <span class='ocrx_word' id='word_1_195' title='bbox 2044 2736 2153 2799; x_wconf 92' lang='lat' dir='ltr'>vel</span> <span class='ocrx_word' id='word_1_196' title='bbox 2177 2735 2378 2800; x_wconf 89' lang='lat' dir='ltr'>etiam</span> <span class='ocrx_word' id='word_1_197' title='bbox 2401 2756 2519 2817; x_wconf 90' lang='lat' dir='ltr'>pro</span> <span class='ocrx_word' id='word_1_198' title='bbox 2545 2734 2763 2817; x_wconf 90' lang='lat' dir='ltr'>aliqua</span> <span class='ocrx_word' id='word_1_199' title='bbox 2786 2755 3074 2818; x_wconf 89' lang='lat' dir='ltr'>persona</span> 
     </span>
     <span class='ocr_line' id='line_1_24' title="bbox 413 2827 3067 2917; baseline 0.002 -26"><span class='ocrx_word' id='word_1_200' title='bbox 413 2827 859 2894; x_wconf 88' lang='lat' dir='ltr'>ecclesiastica</span> <span class='ocrx_word' id='word_1_201' title='bbox 883 2830 1199 2911; x_wconf 89' lang='lat' dir='ltr'>singulari</span> <span class='ocrx_word' id='word_1_202' title='bbox 1232 2833 1465 2911; x_wconf 87' lang='lat' dir='ltr'>editae,</span> <span class='ocrx_word' id='word_1_203' title='bbox 1501 2836 1570 2898; x_wconf 91' lang='lat' dir='ltr'>et</span> <span class='ocrx_word' id='word_1_204' title='bbox 1591 2832 1982 2917; x_wconf 90' lang='lat' dir='ltr'>praesertim</span> <span class='ocrx_word' id='word_1_205' title='bbox 2014 2833 2273 2914; x_wconf 90' lang='lat' dir='ltr'>quidem</span> <span class='ocrx_word' id='word_1_206' title='bbox 2302 2833 2675 2917; x_wconf 89' lang='lat' dir='ltr'>pontificiae</span> <span class='ocrx_word' id='word_1_207' title='bbox 2709 2836 3067 2898; x_wconf 80' lang='lat' dir='ltr'>decretales.</span> 
     </span>
    </p>
   </div>
   <div class='ocr_carea' id='block_1_6' title="bbox 415 3037 3071 3192">
    <p class='ocr_par' dir='ltr' id='par_1_12' title="bbox 415 3037 3071 3192">
     <span class='ocr_line' id='line_1_25' title="bbox 415 3037 3071 3111; baseline 0.002 -21"><span class='ocrx_word' id='word_1_208' title='bbox 415 3037 478 3091; x_wconf 92' lang='lat' dir='ltr'>D.</span> <span class='ocrx_word' id='word_1_209' title='bbox 517 3038 797 3104; x_wconf 89' lang='lat' dir='ltr'><strong>XXXVI.;</strong></span> <span class='ocrx_word' id='word_1_210' title='bbox 836 3040 869 3107; x_wconf 63' lang='grc' dir='ltr'>ξ</span> <span class='ocrx_word' id='word_1_211' title='bbox 907 3042 955 3093; x_wconf 92' lang='grc'>5.</span> <span class='ocrx_word' id='word_1_212' title='bbox 995 3041 1122 3095; x_wconf 90' lang='lat' dir='ltr'>dict.</span> <span class='ocrx_word' id='word_1_213' title='bbox 1163 3041 1315 3095; x_wconf 81' lang='lat' dir='ltr'>Grat.</span> <span class='ocrx_word' id='word_1_214' title='bbox 1354 3044 1479 3111; x_wconf 90' lang='lat' dir='ltr'>post</span> <span class='ocrx_word' id='word_1_215' title='bbox 1515 3059 1559 3095; x_wconf 92' lang='grc'>0.</span> <span class='ocrx_word' id='word_1_216' title='bbox 1588 3042 1638 3095; x_wconf 90' lang='grc'>2.</span> <span class='ocrx_word' id='word_1_217' title='bbox 1676 3042 1741 3095; x_wconf 91' lang='lat' dir='ltr'><strong>D.</strong></span> <span class='ocrx_word' id='word_1_218' title='bbox 1781 3041 2030 3095; x_wconf 90' lang='lat' dir='ltr'><strong>XXXVI.</strong></span> <span class='ocrx_word' id='word_1_219' title='bbox 2049 3061 2061 3105; x_wconf 92' lang='lat'>;</span> <span class='ocrx_word' id='word_1_220' title='bbox 2101 3072 2171 3078; x_wconf 92' lang='lat'><strong>—</strong></span> <span class='ocrx_word' id='word_1_221' title='bbox 2209 3042 2242 3108; x_wconf 62' lang='grc' dir='ltr'>ἓ</span> <span class='ocrx_word' id='word_1_222' title='bbox 2279 3042 2366 3095; x_wconf 85' lang='lat' dir='ltr'>Ex</span> <span class='ocrx_word' id='word_1_223' title='bbox 2402 3042 2599 3110; x_wconf 90' lang='lat' dir='ltr'>quibus</span> <span class='ocrx_word' id='word_1_224' title='bbox 2637 3042 2900 3096; x_wconf 71' lang='lat' dir='ltr'>omnibus</span> <span class='ocrx_word' id='word_1_225' title='bbox 2941 3041 3071 3095; x_wconf 90' lang='lat' dir='ltr'>dict.</span> 
     </span>
     <span class='ocr_line' id='line_1_26' title="bbox 420 3117 2616 3192; baseline 0.002 -22"><span class='ocrx_word' id='word_1_226' title='bbox 420 3117 571 3171; x_wconf 82' lang='lat' dir='ltr'>Grat.</span> <span class='ocrx_word' id='word_1_227' title='bbox 609 3123 735 3189; x_wconf 88' lang='lat' dir='ltr'>post</span> <span class='ocrx_word' id='word_1_228' title='bbox 770 3138 817 3174; x_wconf 88' lang='grc'>6.</span> <span class='ocrx_word' id='word_1_229' title='bbox 857 3122 906 3174; x_wconf 93' lang='grc'>2.</span> <span class='ocrx_word' id='word_1_230' title='bbox 946 3121 1010 3175; x_wconf 92' lang='lat' dir='ltr'><strong>D.</strong></span> <span class='ocrx_word' id='word_1_231' title='bbox 1049 3122 1332 3185; x_wconf 87' lang='lat' dir='ltr'><strong>XXXVI.;</strong></span> <span class='ocrx_word' id='word_1_232' title='bbox 1370 3122 1404 3188; x_wconf 66' lang='grc' dir='ltr'><strong>ἓ</strong></span> <span class='ocrx_word' id='word_1_233' title='bbox 1445 3123 1526 3176; x_wconf 96' lang='grc'>12.</span> <span class='ocrx_word' id='word_1_234' title='bbox 1568 3122 1695 3176; x_wconf 89' lang='lat' dir='ltr'>dict.</span> <span class='ocrx_word' id='word_1_235' title='bbox 1736 3122 1888 3177; x_wconf 82' lang='lat' dir='ltr'>Grat.</span> <span class='ocrx_word' id='word_1_236' title='bbox 1927 3125 2051 3192; x_wconf 89' lang='lat' dir='ltr'>post</span> <span class='ocrx_word' id='word_1_237' title='bbox 2090 3140 2135 3176; x_wconf 90' lang='grc'>6.</span> <span class='ocrx_word' id='word_1_238' title='bbox 2175 3124 2224 3176; x_wconf 94' lang='grc'>2.</span> <span class='ocrx_word' id='word_1_239' title='bbox 2262 3123 2327 3178; x_wconf 91' lang='lat' dir='ltr'><strong>D.</strong></span> <span class='ocrx_word' id='word_1_240' title='bbox 2366 3122 2616 3176; x_wconf 85' lang='lat' dir='ltr'><strong>XXXVI.</strong></span> 
     </span>
    </p>
   </div>
   <div class='ocr_carea' id='block_1_7' title="bbox 342 3200 3070 3346">
    <p class='ocr_par' dir='ltr' id='par_1_13' title="bbox 342 3200 3070 3346">
     <span class='ocr_line' id='line_1_27' title="bbox 342 3200 3070 3272; baseline 0.001 -21"><span class='ocrx_word' id='word_1_241' title='bbox 342 3249 345 3250; x_wconf 16' lang='lat'><em>⁷</em></span> <span class='ocrx_word' id='word_1_242' title='bbox 595 3202 615 3234; x_wconf 88' lang='lat'>1</span> <span class='ocrx_word' id='word_1_243' title='bbox 653 3200 720 3254; x_wconf 93' lang='lat' dir='ltr'><strong>V.</strong></span> <span class='ocrx_word' id='word_1_244' title='bbox 759 3218 837 3268; x_wconf 87' lang='lat' dir='ltr'>g.:</span> <span class='ocrx_word' id='word_1_245' title='bbox 886 3201 966 3254; x_wconf 93' lang='lat' dir='ltr'>De</span> <span class='ocrx_word' id='word_1_246' title='bbox 1012 3202 1114 3256; x_wconf 90' lang='lat' dir='ltr'>hoc</span> <span class='ocrx_word' id='word_1_247' title='bbox 1150 3202 1277 3255; x_wconf 90' lang='lat' dir='ltr'>vide</span> <span class='ocrx_word' id='word_1_248' title='bbox 1314 3203 1383 3255; x_wconf 86' lang='lat' dir='ltr'>ad</span> <span class='ocrx_word' id='word_1_249' title='bbox 1435 3221 1480 3255; x_wconf 90' lang='grc'>6.</span> <span class='ocrx_word' id='word_1_250' title='bbox 1521 3204 1569 3256; x_wconf 90' lang='grc'>5.</span> <span class='ocrx_word' id='word_1_251' title='bbox 1619 3203 1683 3257; x_wconf 93' lang='lat' dir='ltr'><strong>D.</strong></span> <span class='ocrx_word' id='word_1_252' title='bbox 1724 3203 1795 3266; x_wconf 89' lang='lat' dir='ltr'>I.;</span> <span class='ocrx_word' id='word_1_253' title='bbox 1845 3203 1910 3255; x_wconf 92' lang='lat' dir='ltr'>de</span> <span class='ocrx_word' id='word_1_254' title='bbox 1947 3202 2049 3256; x_wconf 90' lang='lat' dir='ltr'>hoc</span> <span class='ocrx_word' id='word_1_255' title='bbox 2101 3203 2198 3257; x_wconf 90' lang='lat' dir='ltr'>cfr.</span> <span class='ocrx_word' id='word_1_256' title='bbox 2239 3206 2362 3272; x_wconf 88' lang='lat' dir='ltr'>post</span> <span class='ocrx_word' id='word_1_257' title='bbox 2407 3220 2452 3257; x_wconf 94' lang='lat' dir='ltr'>c.</span> <span class='ocrx_word' id='word_1_258' title='bbox 2492 3204 2541 3256; x_wconf 82' lang='lat'>2.</span> <span class='ocrx_word' id='word_1_259' title='bbox 2590 3202 2654 3255; x_wconf 95' lang='lat' dir='ltr'><strong>D.</strong></span> <span class='ocrx_word' id='word_1_260' title='bbox 2695 3202 2797 3265; x_wconf 85' lang='lat'>111;</span> <span class='ocrx_word' id='word_1_261' title='bbox 2850 3202 2915 3255; x_wconf 92' lang='lat' dir='ltr'>de</span> <span class='ocrx_word' id='word_1_262' title='bbox 2966 3201 3070 3254; x_wconf 88' lang='lat' dir='ltr'>hoc</span> 
     </span>
     <span class='ocr_line' id='line_1_28' title="bbox 416 3279 1015 3346; baseline 0.005 -14"><span class='ocrx_word' id='word_1_263' title='bbox 416 3279 600 3346; x_wconf 86' lang='lat' dir='ltr'>agitur</span> <span class='ocrx_word' id='word_1_264' title='bbox 637 3280 755 3334; x_wconf 88' lang='lat' dir='ltr'>init.</span> <span class='ocrx_word' id='word_1_265' title='bbox 795 3281 859 3334; x_wconf 96' lang='lat' dir='ltr'><strong>D.</strong></span> <span class='ocrx_word' id='word_1_266' title='bbox 898 3281 1015 3335; x_wconf 92' lang='lat' dir='ltr'><strong>XX.</strong></span> 
     </span>
    </p>
   </div>
   <div class='ocr_carea' id='block_1_8' title="bbox 416 3360 3088 4858">
    <p class='ocr_par' dir='ltr' id='par_1_14' title="bbox 595 3360 1571 3428">
     <span class='ocr_line' id='line_1_29' title="bbox 595 3360 1571 3428; baseline 0.002 -14"><span class='ocrx_word' id='word_1_267' title='bbox 595 3360 615 3394; x_wconf 82' lang='lat'>²</span> <span class='ocrx_word' id='word_1_268' title='bbox 653 3361 719 3414; x_wconf 89' lang='lat' dir='ltr'><strong>V.</strong></span> <span class='ocrx_word' id='word_1_269' title='bbox 760 3378 812 3428; x_wconf 87' lang='lat' dir='ltr'>g.</span> <span class='ocrx_word' id='word_1_270' title='bbox 852 3361 1214 3415; x_wconf 85' lang='lat' dir='ltr'>Summarium</span> <span class='ocrx_word' id='word_1_271' title='bbox 1253 3380 1298 3416; x_wconf 91' lang='lat' dir='ltr'>c.</span> <span class='ocrx_word' id='word_1_272' title='bbox 1342 3364 1388 3416; x_wconf 89' lang='lat'>1.</span> <span class='ocrx_word' id='word_1_273' title='bbox 1426 3363 1491 3416; x_wconf 92' lang='lat' dir='ltr'><strong>D.</strong></span> <span class='ocrx_word' id='word_1_274' title='bbox 1531 3363 1571 3417; x_wconf 92' lang='lat' dir='ltr'>I.</span> 
     </span>
    </p>

    <p class='ocr_par' dir='ltr' id='par_1_15' title="bbox 416 3440 3079 3831">
     <span class='ocr_line' id='line_1_30' title="bbox 596 3440 3077 3510; baseline 0 -16"><span class='ocrx_word' id='word_1_275' title='bbox 596 3442 617 3476; x_wconf 80' lang='lat'><strong>⁸</strong></span> <span class='ocrx_word' id='word_1_276' title='bbox 653 3440 720 3494; x_wconf 93' lang='lat' dir='ltr'><strong>V.</strong></span> <span class='ocrx_word' id='word_1_277' title='bbox 761 3458 813 3508; x_wconf 89' lang='lat' dir='ltr'>g.</span> <span class='ocrx_word' id='word_1_278' title='bbox 852 3442 990 3495; x_wconf 87' lang='lat' dir='ltr'>Dist.</span> <span class='ocrx_word' id='word_1_279' title='bbox 1018 3442 1058 3495; x_wconf 91' lang='lat' dir='ltr'>I.</span> <span class='ocrx_word' id='word_1_280' title='bbox 1097 3442 1131 3508; x_wconf 66' lang='grc' dir='ltr'><strong>ἓ</strong></span> <span class='ocrx_word' id='word_1_281' title='bbox 1157 3443 1466 3495; x_wconf 87' lang='lat' dir='ltr'>Humanum</span> <span class='ocrx_word' id='word_1_282' title='bbox 1504 3460 1694 3510; x_wconf 77' lang='lat' dir='ltr'>genuS,</span> <span class='ocrx_word' id='word_1_283' title='bbox 1734 3465 1802 3487; x_wconf 86' lang='lat'>=</span> <span class='ocrx_word' id='word_1_284' title='bbox 1839 3443 1966 3497; x_wconf 87' lang='lat' dir='ltr'>dict.</span> <span class='ocrx_word' id='word_1_285' title='bbox 2007 3443 2158 3497; x_wconf 84' lang='lat' dir='ltr'>Grat.</span> <span class='ocrx_word' id='word_1_286' title='bbox 2199 3442 2317 3496; x_wconf 91' lang='lat' dir='ltr'>init.</span> <span class='ocrx_word' id='word_1_287' title='bbox 2356 3443 2421 3496; x_wconf 94' lang='lat' dir='ltr'><strong>D.</strong></span> <span class='ocrx_word' id='word_1_288' title='bbox 2460 3443 2532 3506; x_wconf 87' lang='lat' dir='ltr'>I.;</span> <span class='ocrx_word' id='word_1_289' title='bbox 2570 3442 2635 3496; x_wconf 89' lang='lat' dir='ltr'><strong>D.</strong></span> <span class='ocrx_word' id='word_1_290' title='bbox 2674 3443 2766 3495; x_wconf 92' lang='lat' dir='ltr'>IV.</span> <span class='ocrx_word' id='word_1_291' title='bbox 2807 3442 2839 3507; x_wconf 63' lang='grc' dir='ltr'><strong>ξ</strong></span> <span class='ocrx_word' id='word_1_292' title='bbox 2876 3442 3077 3509; x_wconf 81' lang='lat' dir='ltr'>Leges„</span> 
     </span>
     <span class='ocr_line' id='line_1_31' title="bbox 419 3520 3076 3593; baseline 0.001 -20"><span class='ocrx_word' id='word_1_293' title='bbox 419 3541 485 3564; x_wconf 86' lang='lat'>==</span> <span class='ocrx_word' id='word_1_294' title='bbox 525 3520 653 3574; x_wconf 90' lang='lat' dir='ltr'>dict.</span> <span class='ocrx_word' id='word_1_295' title='bbox 683 3520 836 3575; x_wconf 83' lang='lat' dir='ltr'>Grat.</span> <span class='ocrx_word' id='word_1_296' title='bbox 875 3526 1000 3592; x_wconf 89' lang='lat' dir='ltr'>post</span> <span class='ocrx_word' id='word_1_297' title='bbox 1036 3541 1080 3575; x_wconf 91' lang='grc'>6.</span> <span class='ocrx_word' id='word_1_298' title='bbox 1111 3523 1158 3576; x_wconf 94' lang='grc'>3.</span> <span class='ocrx_word' id='word_1_299' title='bbox 1198 3523 1262 3576; x_wconf 91' lang='lat' dir='ltr'>D.</span> <span class='ocrx_word' id='word_1_300' title='bbox 1289 3523 1413 3586; x_wconf 84' lang='lat' dir='ltr'><strong>1V.;</strong></span> <span class='ocrx_word' id='word_1_301' title='bbox 1451 3523 1516 3576; x_wconf 92' lang='lat' dir='ltr'><strong>D.</strong></span> <span class='ocrx_word' id='word_1_302' title='bbox 1543 3524 1610 3577; x_wconf 94' lang='lat' dir='ltr'>V.</span> <span class='ocrx_word' id='word_1_303' title='bbox 1650 3523 1966 3590; x_wconf 73' lang='lat' dir='ltr'>§Naturale</span> <span class='ocrx_word' id='word_1_304' title='bbox 1998 3523 2106 3593; x_wconf 86' lang='lat' dir='ltr'>jus,</span> <span class='ocrx_word' id='word_1_305' title='bbox 2145 3544 2217 3566; x_wconf 92' lang='lat'><strong><em>=</em></strong></span> <span class='ocrx_word' id='word_1_306' title='bbox 2252 3523 2285 3589; x_wconf 72' lang='lat'>§</span> <span class='ocrx_word' id='word_1_307' title='bbox 2315 3522 2361 3576; x_wconf 94' lang='lat'>1.</span> <span class='ocrx_word' id='word_1_308' title='bbox 2403 3522 2528 3576; x_wconf 90' lang='lat' dir='ltr'>dict.</span> <span class='ocrx_word' id='word_1_309' title='bbox 2558 3522 2710 3577; x_wconf 82' lang='lat' dir='ltr'>Grat.</span> <span class='ocrx_word' id='word_1_310' title='bbox 2735 3522 2852 3575; x_wconf 82' lang='lat' dir='ltr'>init.</span> <span class='ocrx_word' id='word_1_311' title='bbox 2880 3523 2944 3576; x_wconf 92' lang='lat' dir='ltr'>D.</span> <span class='ocrx_word' id='word_1_312' title='bbox 2972 3522 3076 3586; x_wconf 91' lang='lat' dir='ltr'>V.;</span> 
     </span>
     <span class='ocr_line' id='line_1_32' title="bbox 416 3600 3075 3673; baseline 0.001 -20"><span class='ocrx_word' id='word_1_313' title='bbox 416 3600 480 3653; x_wconf 94' lang='lat' dir='ltr'>D.</span> <span class='ocrx_word' id='word_1_314' title='bbox 518 3600 612 3655; x_wconf 92' lang='lat' dir='ltr'>IV.</span> <span class='ocrx_word' id='word_1_315' title='bbox 652 3601 684 3667; x_wconf 60' lang='grc' dir='ltr'>ᾖ</span> <span class='ocrx_word' id='word_1_316' title='bbox 726 3602 771 3655; x_wconf 91' lang='grc'>1.</span> <span class='ocrx_word' id='word_1_317' title='bbox 813 3605 868 3656; x_wconf 88' lang='lat' dir='ltr'>et</span> <span class='ocrx_word' id='word_1_318' title='bbox 905 3603 937 3669; x_wconf 65' lang='grc' dir='ltr'>ἕ</span> <span class='ocrx_word' id='word_1_319' title='bbox 973 3604 1024 3655; x_wconf 87' lang='lat'>4.</span> <span class='ocrx_word' id='word_1_320' title='bbox 1068 3602 1126 3669; x_wconf 90' lang='lat' dir='ltr'>(i.</span> <span class='ocrx_word' id='word_1_321' title='bbox 1167 3621 1211 3656; x_wconf 92' lang='lat' dir='ltr'>e.</span> <span class='ocrx_word' id='word_1_322' title='bbox 1265 3603 1390 3657; x_wconf 89' lang='lat' dir='ltr'>dict.</span> <span class='ocrx_word' id='word_1_323' title='bbox 1433 3603 1584 3657; x_wconf 81' lang='lat' dir='ltr'>Grat.</span> <span class='ocrx_word' id='word_1_324' title='bbox 1625 3603 1861 3673; x_wconf 89' lang='lat' dir='ltr'>primum</span> <span class='ocrx_word' id='word_1_325' title='bbox 1900 3606 1955 3657; x_wconf 89' lang='lat' dir='ltr'>et</span> <span class='ocrx_word' id='word_1_326' title='bbox 1994 3606 2249 3672; x_wconf 87' lang='lat' dir='ltr'>quartum</span> <span class='ocrx_word' id='word_1_327' title='bbox 2285 3603 2343 3655; x_wconf 90' lang='lat' dir='ltr'>in</span> <span class='ocrx_word' id='word_1_328' title='bbox 2379 3603 2443 3656; x_wconf 92' lang='lat' dir='ltr'>D.</span> <span class='ocrx_word' id='word_1_329' title='bbox 2481 3603 2601 3669; x_wconf 86' lang='lat' dir='ltr'><strong>IV.)</strong></span> <span class='ocrx_word' id='word_1_330' title='bbox 2644 3624 2712 3647; x_wconf 93' lang='lat'><strong><em>=</em></strong></span> <span class='ocrx_word' id='word_1_331' title='bbox 2750 3602 2876 3655; x_wconf 90' lang='lat' dir='ltr'>dict.</span> <span class='ocrx_word' id='word_1_332' title='bbox 2917 3602 3075 3656; x_wconf 82' lang='lat' dir='ltr'>Grat.</span> 
     </span>
     <span class='ocr_line' id='line_1_33' title="bbox 416 3679 3079 3753; baseline 0.001 -21"><span class='ocrx_word' id='word_1_333' title='bbox 416 3679 534 3733; x_wconf 91' lang='lat' dir='ltr'>init.</span> <span class='ocrx_word' id='word_1_334' title='bbox 573 3680 637 3734; x_wconf 96' lang='lat' dir='ltr'>D.</span> <span class='ocrx_word' id='word_1_335' title='bbox 665 3681 756 3735; x_wconf 93' lang='lat' dir='ltr'>IV.</span> <span class='ocrx_word' id='word_1_336' title='bbox 798 3685 853 3735; x_wconf 92' lang='lat' dir='ltr'>et</span> <span class='ocrx_word' id='word_1_337' title='bbox 888 3686 1013 3753; x_wconf 87' lang='lat' dir='ltr'>post</span> <span class='ocrx_word' id='word_1_338' title='bbox 1049 3701 1094 3736; x_wconf 93' lang='grc'>6.</span> <span class='ocrx_word' id='word_1_339' title='bbox 1123 3683 1171 3736; x_wconf 89' lang='grc'>3.</span> <span class='ocrx_word' id='word_1_340' title='bbox 1213 3684 1358 3747; x_wconf 85' lang='lat' dir='ltr'>ead.;</span> <span class='ocrx_word' id='word_1_341' title='bbox 1401 3683 1456 3736; x_wconf 84' lang='lat' dir='ltr'>C.</span> <span class='ocrx_word' id='word_1_342' title='bbox 1496 3683 1693 3737; x_wconf 91' lang='lat' dir='ltr'><strong>XXIX.</strong></span> <span class='ocrx_word' id='word_1_343' title='bbox 1735 3701 1823 3752; x_wconf 91' lang='lat' dir='ltr'>qu.</span> <span class='ocrx_word' id='word_1_344' title='bbox 1861 3684 1909 3736; x_wconf 83' lang='lat'>2.</span> <span class='ocrx_word' id='word_1_345' title='bbox 1950 3683 1982 3750; x_wconf 65' lang='grc' dir='ltr'><strong>ἓ</strong></span> <span class='ocrx_word' id='word_1_346' title='bbox 2022 3683 2198 3747; x_wconf 83' lang='lat' dir='ltr'>Quum</span> <span class='ocrx_word' id='word_1_347' title='bbox 2237 3682 2449 3747; x_wconf 89' lang='lat' dir='ltr'>dicitur,</span> <span class='ocrx_word' id='word_1_348' title='bbox 2486 3703 2554 3727; x_wconf 91' lang='lat'><strong><em>=</em></strong></span> <span class='ocrx_word' id='word_1_349' title='bbox 2593 3682 2719 3736; x_wconf 89' lang='lat' dir='ltr'>dict.</span> <span class='ocrx_word' id='word_1_350' title='bbox 2757 3682 2908 3736; x_wconf 85' lang='lat' dir='ltr'>Grat.</span> <span class='ocrx_word' id='word_1_351' title='bbox 2948 3686 3079 3752; x_wconf 90' lang='lat' dir='ltr'>post</span> 
     </span>
     <span class='ocr_line' id='line_1_34' title="bbox 418 3760 1105 3831; baseline 0.004 -18"><span class='ocrx_word' id='word_1_352' title='bbox 418 3778 464 3813; x_wconf 92' lang='grc'>6.</span> <span class='ocrx_word' id='word_1_353' title='bbox 504 3762 552 3814; x_wconf 91' lang='grc'>6.</span> <span class='ocrx_word' id='word_1_354' title='bbox 594 3760 652 3814; x_wconf 83' lang='lat' dir='ltr'>C.</span> <span class='ocrx_word' id='word_1_355' title='bbox 690 3761 888 3816; x_wconf 92' lang='lat' dir='ltr'><strong>XXIX.</strong></span> <span class='ocrx_word' id='word_1_356' title='bbox 929 3781 1016 3831; x_wconf 93' lang='lat' dir='ltr'>qu.</span> <span class='ocrx_word' id='word_1_357' title='bbox 1057 3765 1105 3816; x_wconf 94' lang='grc'>2.</span> 
     </span>
    </p>

    <p class='ocr_par' dir='ltr' id='par_1_16' title="bbox 594 3841 1965 3913">
     <span class='ocr_line' id='line_1_35' title="bbox 594 3841 1965 3913; baseline 0.001 -19"><span class='ocrx_word' id='word_1_358' title='bbox 594 3841 621 3876; x_wconf 68' lang='lat'>4</span> <span class='ocrx_word' id='word_1_359' title='bbox 655 3843 953 3910; x_wconf 71' lang='lat' dir='ltr'>Friedbery</span> <span class='ocrx_word' id='word_1_360' title='bbox 988 3843 1044 3897; x_wconf 89' lang='lat' dir='ltr'>in</span> <span class='ocrx_word' id='word_1_361' title='bbox 1082 3842 1197 3897; x_wconf 87' lang='lat' dir='ltr'>citt.</span> <span class='ocrx_word' id='word_1_362' title='bbox 1237 3843 1480 3913; x_wconf 88' lang='lat' dir='ltr'>prolegg.</span> <span class='ocrx_word' id='word_1_363' title='bbox 1520 3844 1619 3896; x_wconf 90' lang='lat' dir='ltr'>col.</span> <span class='ocrx_word' id='word_1_364' title='bbox 1659 3843 1805 3896; x_wconf 91' lang='lat' dir='ltr'><strong>XIX.</strong></span> <span class='ocrx_word' id='word_1_365' title='bbox 1846 3861 1965 3912; x_wconf 88' lang='lat' dir='ltr'><strong>sqq.</strong></span> 
     </span>
    </p>

    <p class='ocr_par' dir='ltr' id='par_1_17' title="bbox 599 3921 2588 3992">
     <span class='ocr_line' id='line_1_36' title="bbox 599 3921 2588 3992; baseline 0.001 -19"><span class='ocrx_word' id='word_1_366' title='bbox 599 3924 619 3957; x_wconf 77' lang='lat'><strong>⁶</strong></span> <span class='ocrx_word' id='word_1_367' title='bbox 655 3921 798 3976; x_wconf 87' lang='lat' dir='ltr'>Dict.</span> <span class='ocrx_word' id='word_1_368' title='bbox 839 3923 990 3977; x_wconf 83' lang='lat' dir='ltr'>Grat.</span> <span class='ocrx_word' id='word_1_369' title='bbox 1028 3923 1145 3977; x_wconf 90' lang='lat' dir='ltr'>init.</span> <span class='ocrx_word' id='word_1_370' title='bbox 1185 3924 1249 3977; x_wconf 93' lang='lat' dir='ltr'>D.</span> <span class='ocrx_word' id='word_1_371' title='bbox 1289 3924 1366 3987; x_wconf 87' lang='lat' dir='ltr'>I.;</span> <span class='ocrx_word' id='word_1_372' title='bbox 1406 3942 1559 3977; x_wconf 88' lang='lat' dir='ltr'>cann.</span> <span class='ocrx_word' id='word_1_373' title='bbox 1601 3924 1686 3977; x_wconf 87' lang='lat'>33.</span> <span class='ocrx_word' id='word_1_374' title='bbox 1728 3924 1812 3976; x_wconf 93' lang='lat'>34.</span> <span class='ocrx_word' id='word_1_375' title='bbox 1853 3924 1937 3976; x_wconf 92' lang='lat'>36.</span> <span class='ocrx_word' id='word_1_376' title='bbox 1977 3924 2062 3976; x_wconf 89' lang='lat'>37.</span> <span class='ocrx_word' id='word_1_377' title='bbox 2101 3923 2165 3976; x_wconf 94' lang='lat' dir='ltr'>D.</span> <span class='ocrx_word' id='word_1_378' title='bbox 2206 3924 2246 3975; x_wconf 95' lang='lat' dir='ltr'>I.</span> <span class='ocrx_word' id='word_1_379' title='bbox 2288 3923 2352 3975; x_wconf 88' lang='lat' dir='ltr'>de</span> <span class='ocrx_word' id='word_1_380' title='bbox 2389 3922 2588 3992; x_wconf 89' lang='lat' dir='ltr'>poenit.</span> 
     </span>
    </p>

    <p class='ocr_par' dir='ltr' id='par_1_18' title="bbox 417 4001 3077 4135">
     <span class='ocr_line' id='line_1_37' title="bbox 598 4001 3077 4069; baseline 0.001 -15"><span class='ocrx_word' id='word_1_381' title='bbox 598 4003 619 4037; x_wconf 73' lang='lat'><strong>⁶</strong></span> <span class='ocrx_word' id='word_1_382' title='bbox 655 4004 1118 4055; x_wconf 80' lang='lat' dir='ltr'>Walter—Gerlach</span> <span class='ocrx_word' id='word_1_383' title='bbox 1166 4004 1200 4056; x_wconf 91' lang='lat'>1.</span> <span class='ocrx_word' id='word_1_384' title='bbox 1241 4022 1286 4057; x_wconf 91' lang='lat' dir='ltr'>c.</span> <span class='ocrx_word' id='word_1_385' title='bbox 1327 4003 1360 4069; x_wconf 65' lang='grc' dir='ltr'>ξ</span> <span class='ocrx_word' id='word_1_386' title='bbox 1399 4004 1483 4057; x_wconf 90' lang='grc'>68.</span> <span class='ocrx_word' id='word_1_387' title='bbox 1561 4003 1671 4056; x_wconf 79' lang='lat' dir='ltr'><strong>cfr.</strong></span> <span class='ocrx_word' id='word_1_388' title='bbox 1712 4021 1757 4056; x_wconf 92' lang='lat' dir='ltr'>c.</span> <span class='ocrx_word' id='word_1_389' title='bbox 1798 4003 1847 4056; x_wconf 87' lang='lat'>3.</span> <span class='ocrx_word' id='word_1_390' title='bbox 1902 4003 1935 4068; x_wconf 66' lang='grc' dir='ltr'>ἓ</span> <span class='ocrx_word' id='word_1_391' title='bbox 1972 4002 2133 4055; x_wconf 89' lang='lat' dir='ltr'>Liber</span> <span class='ocrx_word' id='word_1_392' title='bbox 2173 4002 2463 4056; x_wconf 84' lang='lat' dir='ltr'>Canonum.</span> <span class='ocrx_word' id='word_1_393' title='bbox 2503 4003 2588 4055; x_wconf 87' lang='lat'>64.</span> <span class='ocrx_word' id='word_1_394' title='bbox 2637 4003 2701 4056; x_wconf 96' lang='lat' dir='ltr'>D.</span> <span class='ocrx_word' id='word_1_395' title='bbox 2740 4002 2889 4066; x_wconf 91' lang='lat' dir='ltr'><strong>XV.;</strong></span> <span class='ocrx_word' id='word_1_396' title='bbox 2943 4001 3077 4057; x_wconf 89' lang='lat' dir='ltr'>dict.</span> 
     </span>
     <span class='ocr_line' id='line_1_38' title="bbox 417 4079 1011 4135; baseline 0.003 -2"><span class='ocrx_word' id='word_1_397' title='bbox 417 4079 570 4134; x_wconf 79' lang='lat' dir='ltr'>Grat.</span> <span class='ocrx_word' id='word_1_398' title='bbox 607 4080 724 4134; x_wconf 89' lang='lat' dir='ltr'>init.</span> <span class='ocrx_word' id='word_1_399' title='bbox 763 4082 827 4135; x_wconf 91' lang='lat' dir='ltr'>D.</span> <span class='ocrx_word' id='word_1_400' title='bbox 867 4082 1011 4135; x_wconf 90' lang='lat' dir='ltr'><strong>XVI.</strong></span> 
     </span>
    </p>

    <p class='ocr_par' dir='ltr' id='par_1_19' title="bbox 418 4160 3085 4392">
     <span class='ocr_line' id='line_1_39' title="bbox 598 4160 3082 4231; baseline 0.001 -18"><span class='ocrx_word' id='word_1_401' title='bbox 598 4164 616 4195; x_wconf 80' lang='lat'>&#39;¹</span> <span class='ocrx_word' id='word_1_402' title='bbox 656 4160 712 4214; x_wconf 81' lang='lat' dir='ltr'>O.</span> <span class='ocrx_word' id='word_1_403' title='bbox 756 4162 837 4215; x_wconf 91' lang='lat'>14.</span> <span class='ocrx_word' id='word_1_404' title='bbox 884 4162 948 4215; x_wconf 91' lang='lat' dir='ltr'>D.</span> <span class='ocrx_word' id='word_1_405' title='bbox 987 4162 1237 4217; x_wconf 91' lang='lat' dir='ltr'><strong>XXVIII.</strong></span> <span class='ocrx_word' id='word_1_406' title='bbox 1255 4184 1268 4227; x_wconf 91' lang='grc'>;</span> <span class='ocrx_word' id='word_1_407' title='bbox 1321 4181 1366 4217; x_wconf 92' lang='lat' dir='ltr'>c.</span> <span class='ocrx_word' id='word_1_408' title='bbox 1410 4163 1455 4215; x_wconf 94' lang='lat'>1.</span> <span class='ocrx_word' id='word_1_409' title='bbox 1510 4163 1574 4216; x_wconf 91' lang='lat' dir='ltr'>D.</span> <span class='ocrx_word' id='word_1_410' title='bbox 1613 4162 1836 4216; x_wconf 92' lang='lat' dir='ltr'><strong>XXXV.</strong></span> <span class='ocrx_word' id='word_1_411' title='bbox 1892 4163 1973 4216; x_wconf 92' lang='lat' dir='ltr'>De</span> <span class='ocrx_word' id='word_1_412' title='bbox 2027 4180 2133 4231; x_wconf 85' lang='lat' dir='ltr'>qua</span> <span class='ocrx_word' id='word_1_413' title='bbox 2170 4161 2419 4215; x_wconf 89' lang='lat' dir='ltr'>versione</span> <span class='ocrx_word' id='word_1_414' title='bbox 2471 4163 2567 4216; x_wconf 83' lang='lat' dir='ltr'>cfr.</span> <span class='ocrx_word' id='word_1_415' title='bbox 2608 4165 3082 4215; x_wconf 80' lang='lat' dir='ltr'>Walter-Gerlach</span> 
     </span>
     <span class='ocr_line' id='line_1_40' title="bbox 418 4239 3085 4309; baseline 0.002 -18"><span class='ocrx_word' id='word_1_416' title='bbox 418 4239 453 4292; x_wconf 90' lang='lat' dir='ltr'><strong>l.</strong></span> <span class='ocrx_word' id='word_1_417' title='bbox 493 4258 538 4292; x_wconf 91' lang='lat' dir='ltr'>c.</span> <span class='ocrx_word' id='word_1_418' title='bbox 578 4241 611 4306; x_wconf 66' lang='grc' dir='ltr'>ἓ</span> <span class='ocrx_word' id='word_1_419' title='bbox 649 4242 733 4295; x_wconf 87' lang='lat'>85.</span> <span class='ocrx_word' id='word_1_420' title='bbox 774 4245 830 4295; x_wconf 88' lang='lat' dir='ltr'>et</span> <span class='ocrx_word' id='word_1_421' title='bbox 866 4245 1141 4309; x_wconf 86' lang='lat' dir='ltr'>Maassen,</span> <span class='ocrx_word' id='word_1_422' title='bbox 1197 4244 1524 4298; x_wconf 86' lang='lat' dir='ltr'>Geschichte</span> <span class='ocrx_word' id='word_1_423' title='bbox 1564 4245 1658 4297; x_wconf 90' lang='lat' dir='ltr'>der</span> <span class='ocrx_word' id='word_1_424' title='bbox 1700 4241 1926 4306; x_wconf 83' lang='lat' dir='ltr'>Quellen</span> <span class='ocrx_word' id='word_1_425' title='bbox 1972 4244 2082 4296; x_wconf 89' lang='lat' dir='ltr'>und</span> <span class='ocrx_word' id='word_1_426' title='bbox 2121 4243 2215 4296; x_wconf 90' lang='lat' dir='ltr'>der</span> <span class='ocrx_word' id='word_1_427' title='bbox 2251 4242 2528 4295; x_wconf 87' lang='lat' dir='ltr'>Literatur</span> <span class='ocrx_word' id='word_1_428' title='bbox 2580 4243 2675 4296; x_wconf 89' lang='lat' dir='ltr'>des</span> <span class='ocrx_word' id='word_1_429' title='bbox 2713 4241 3085 4297; x_wconf 88' lang='lat' dir='ltr'>canonischen</span> 
     </span>
     <span class='ocr_line' id='line_1_41' title="bbox 419 4320 1715 4392; baseline 0.003 -20"><span class='ocrx_word' id='word_1_430' title='bbox 419 4320 639 4374; x_wconf 87' lang='lat' dir='ltr'>Rechts.</span> <span class='ocrx_word' id='word_1_431' title='bbox 719 4322 933 4376; x_wconf 84' lang='lat' dir='ltr'>Graecii</span> <span class='ocrx_word' id='word_1_432' title='bbox 974 4324 1128 4389; x_wconf 87' lang='grc'>1870,</span> <span class='ocrx_word' id='word_1_433' title='bbox 1165 4327 1292 4378; x_wconf 88' lang='lat' dir='ltr'>tom.</span> <span class='ocrx_word' id='word_1_434' title='bbox 1335 4325 1375 4377; x_wconf 91' lang='lat' dir='ltr'>I.</span> <span class='ocrx_word' id='word_1_435' title='bbox 1415 4324 1448 4390; x_wconf 63' lang='grc' dir='ltr'>ἓ</span> <span class='ocrx_word' id='word_1_436' title='bbox 1486 4325 1552 4377; x_wconf 89' lang='grc'>87</span> <span class='ocrx_word' id='word_1_437' title='bbox 1594 4341 1715 4392; x_wconf 87' lang='lat' dir='ltr'><strong>sqq.</strong></span> 
     </span>
    </p>

    <p class='ocr_par' dir='ltr' id='par_1_20' title="bbox 598 4401 1878 4459">
     <span class='ocr_line' id='line_1_42' title="bbox 598 4401 1878 4459; baseline 0.001 -5"><span class='ocrx_word' id='word_1_438' title='bbox 598 4402 618 4435; x_wconf 71' lang='grc' dir='ltr'>θ</span> <span class='ocrx_word' id='word_1_439' title='bbox 658 4401 714 4455; x_wconf 82' lang='grc' dir='ltr'>Ο.</span> <span class='ocrx_word' id='word_1_440' title='bbox 755 4404 928 4456; x_wconf 81' lang='grc'>3.-7,</span> <span class='ocrx_word' id='word_1_441' title='bbox 969 4405 1016 4457; x_wconf 88' lang='lat'>9.</span> <span class='ocrx_word' id='word_1_442' title='bbox 1060 4406 1141 4458; x_wconf 92' lang='lat'>10.</span> <span class='ocrx_word' id='word_1_443' title='bbox 1186 4406 1411 4459; x_wconf 84' lang='lat'><strong>12-14.</strong></span> <span class='ocrx_word' id='word_1_444' title='bbox 1454 4405 1536 4457; x_wconf 86' lang='lat'>17.</span> <span class='ocrx_word' id='word_1_445' title='bbox 1575 4404 1638 4457; x_wconf 92' lang='lat' dir='ltr'>D.</span> <span class='ocrx_word' id='word_1_446' title='bbox 1681 4403 1878 4456; x_wconf 92' lang='lat' dir='ltr'><strong>XVIII.</strong></span> 
     </span>
    </p>

    <p class='ocr_par' dir='ltr' id='par_1_21' title="bbox 596 4481 2303 4552">
     <span class='ocr_line' id='line_1_43' title="bbox 596 4481 2303 4552; baseline 0.001 -18"><span class='ocrx_word' id='word_1_447' title='bbox 596 4481 618 4516; x_wconf 78' lang='lat'>⁹</span> <span class='ocrx_word' id='word_1_448' title='bbox 655 4484 1118 4536; x_wconf 82' lang='lat' dir='ltr'>Walter-Gerlach</span> <span class='ocrx_word' id='word_1_449' title='bbox 1155 4486 1190 4538; x_wconf 91' lang='lat'>1.</span> <span class='ocrx_word' id='word_1_450' title='bbox 1231 4504 1276 4539; x_wconf 92' lang='grc'>6.</span> <span class='ocrx_word' id='word_1_451' title='bbox 1317 4485 1349 4552; x_wconf 65' lang='grc' dir='ltr'><strong>ἓ</strong></span> <span class='ocrx_word' id='word_1_452' title='bbox 1388 4486 1474 4537; x_wconf 92' lang='grc'>67.</span> <span class='ocrx_word' id='word_1_453' title='bbox 1553 4486 1806 4536; x_wconf 84' lang='lat' dir='ltr'>Maassen</span> <span class='ocrx_word' id='word_1_454' title='bbox 1843 4483 1877 4535; x_wconf 92' lang='grc'>1.</span> <span class='ocrx_word' id='word_1_455' title='bbox 1920 4500 1965 4536; x_wconf 90' lang='grc'>6.</span> <span class='ocrx_word' id='word_1_456' title='bbox 2005 4483 2037 4548; x_wconf 62' lang='grc' dir='ltr'><strong><em>ξ</em></strong></span> <span class='ocrx_word' id='word_1_457' title='bbox 2076 4483 2144 4535; x_wconf 88' lang='grc'>63</span> <span class='ocrx_word' id='word_1_458' title='bbox 2184 4498 2303 4550; x_wconf 89' lang='lat' dir='ltr'><strong>sqq.</strong></span> 
     </span>
    </p>

    <p class='ocr_par' dir='ltr' id='par_1_22' title="bbox 417 4561 3088 4858">
     <span class='ocr_line' id='line_1_44' title="bbox 569 4561 3088 4631; baseline 0.001 -16"><span class='ocrx_word' id='word_1_459' title='bbox 569 4562 615 4595; x_wconf 83' lang='lat'>¹⁰</span> <span class='ocrx_word' id='word_1_460' title='bbox 651 4562 736 4615; x_wconf 89' lang='lat' dir='ltr'>Ita</span> <span class='ocrx_word' id='word_1_461' title='bbox 772 4581 825 4616; x_wconf 92' lang='lat' dir='ltr'>v.</span> <span class='ocrx_word' id='word_1_462' title='bbox 865 4581 916 4631; x_wconf 88' lang='lat' dir='ltr'>g.</span> <span class='ocrx_word' id='word_1_463' title='bbox 960 4564 1185 4618; x_wconf 88' lang='lat' dir='ltr'>Concilii</span> <span class='ocrx_word' id='word_1_464' title='bbox 1220 4567 1451 4618; x_wconf 81' lang='lat' dir='ltr'>Nicaeni</span> <span class='ocrx_word' id='word_1_465' title='bbox 1488 4566 1531 4616; x_wconf 95' lang='lat' dir='ltr'>I.</span> <span class='ocrx_word' id='word_1_466' title='bbox 1584 4581 1632 4616; x_wconf 87' lang='lat' dir='ltr'>a.</span> <span class='ocrx_word' id='word_1_467' title='bbox 1673 4563 1795 4616; x_wconf 87' lang='grc'>325.</span> <span class='ocrx_word' id='word_1_468' title='bbox 1848 4580 1965 4616; x_wconf 88' lang='lat' dir='ltr'>can.</span> <span class='ocrx_word' id='word_1_469' title='bbox 2008 4563 2089 4615; x_wconf 90' lang='grc'>17.</span> <span class='ocrx_word' id='word_1_470' title='bbox 2129 4561 2187 4614; x_wconf 90' lang='grc'>111</span> <span class='ocrx_word' id='word_1_471' title='bbox 2224 4580 2268 4615; x_wconf 93' lang='grc'>6.</span> <span class='ocrx_word' id='word_1_472' title='bbox 2310 4563 2357 4616; x_wconf 93' lang='grc'>2.</span> <span class='ocrx_word' id='word_1_473' title='bbox 2397 4562 2462 4615; x_wconf 93' lang='lat' dir='ltr'>D.</span> <span class='ocrx_word' id='word_1_474' title='bbox 2503 4562 2718 4616; x_wconf 92' lang='lat' dir='ltr'><strong>XLVII.</strong></span> <span class='ocrx_word' id='word_1_475' title='bbox 2759 4561 2983 4616; x_wconf 87' lang='lat' dir='ltr'>adducit</span> <span class='ocrx_word' id='word_1_476' title='bbox 3019 4562 3088 4617; x_wconf 87' lang='lat' dir='ltr'>in</span> 
     </span>
     <span class='ocr_line' id='line_1_45' title="bbox 417 4640 3088 4714; baseline 0.001 -21"><span class='ocrx_word' id='word_1_477' title='bbox 417 4641 666 4695; x_wconf 89' lang='lat' dir='ltr'>versione</span> <span class='ocrx_word' id='word_1_478' title='bbox 703 4642 1035 4714; x_wconf 87' lang='lat' dir='ltr'>Dionysiana</span> <span class='ocrx_word' id='word_1_479' title='bbox 1073 4648 1130 4698; x_wconf 88' lang='lat' dir='ltr'>et</span> <span class='ocrx_word' id='word_1_480' title='bbox 1165 4645 1223 4697; x_wconf 90' lang='lat' dir='ltr'>in</span> <span class='ocrx_word' id='word_1_481' title='bbox 1260 4663 1304 4698; x_wconf 93' lang='grc'>6.</span> <span class='ocrx_word' id='word_1_482' title='bbox 1345 4646 1394 4697; x_wconf 89' lang='grc'>8.</span> <span class='ocrx_word' id='word_1_483' title='bbox 1450 4643 1506 4696; x_wconf 82' lang='lat' dir='ltr'>O.</span> <span class='ocrx_word' id='word_1_484' title='bbox 1545 4643 1692 4696; x_wconf 91' lang='lat' dir='ltr'><strong>XIV.</strong></span> <span class='ocrx_word' id='word_1_485' title='bbox 1746 4660 1833 4710; x_wconf 91' lang='lat' dir='ltr'>qu.</span> <span class='ocrx_word' id='word_1_486' title='bbox 1873 4643 1923 4695; x_wconf 93' lang='lat'>4.</span> <span class='ocrx_word' id='word_1_487' title='bbox 1963 4642 2020 4695; x_wconf 94' lang='lat' dir='ltr'>in</span> <span class='ocrx_word' id='word_1_488' title='bbox 2056 4640 2370 4695; x_wconf 86' lang='lat' dir='ltr'>Isidoriana.</span> <span class='ocrx_word' id='word_1_489' title='bbox 2445 4643 2581 4696; x_wconf 91' lang='lat' dir='ltr'>Item</span> <span class='ocrx_word' id='word_1_490' title='bbox 2636 4642 2830 4713; x_wconf 88' lang='lat' dir='ltr'>synodi</span> <span class='ocrx_word' id='word_1_491' title='bbox 2867 4646 3088 4697; x_wconf 82' lang='lat' dir='ltr'>Laodi-</span> 
     </span>
     <span class='ocr_line' id='line_1_46' title="bbox 418 4722 3087 4794; baseline 0.001 -21"><span class='ocrx_word' id='word_1_492' title='bbox 418 4739 575 4774; x_wconf 81' lang='lat' dir='ltr'>cenae</span> <span class='ocrx_word' id='word_1_493' title='bbox 611 4722 667 4775; x_wconf 90' lang='lat' dir='ltr'>in</span> <span class='ocrx_word' id='word_1_494' title='bbox 703 4723 949 4793; x_wconf 85' lang='lat' dir='ltr'>Phrygia</span> <span class='ocrx_word' id='word_1_495' title='bbox 992 4725 1322 4792; x_wconf 83' lang='lat'><strong>(343—381)</strong></span> <span class='ocrx_word' id='word_1_496' title='bbox 1373 4741 1489 4777; x_wconf 88' lang='lat' dir='ltr'>can.</span> <span class='ocrx_word' id='word_1_497' title='bbox 1533 4724 1614 4776; x_wconf 91' lang='grc'>12.</span> <span class='ocrx_word' id='word_1_498' title='bbox 1666 4722 1724 4775; x_wconf 86' lang='grc'>111</span> <span class='ocrx_word' id='word_1_499' title='bbox 1761 4741 1806 4776; x_wconf 92' lang='grc'>6.</span> <span class='ocrx_word' id='word_1_500' title='bbox 1845 4723 1895 4775; x_wconf 91' lang='grc'>4.</span> <span class='ocrx_word' id='word_1_501' title='bbox 1945 4722 2008 4775; x_wconf 92' lang='lat' dir='ltr'>D.</span> <span class='ocrx_word' id='word_1_502' title='bbox 2049 4722 2246 4775; x_wconf 89' lang='lat' dir='ltr'><strong>XXIV.</strong></span> <span class='ocrx_word' id='word_1_503' title='bbox 2286 4723 2455 4776; x_wconf 88' lang='lat' dir='ltr'>refert</span> <span class='ocrx_word' id='word_1_504' title='bbox 2489 4722 2546 4774; x_wconf 91' lang='lat' dir='ltr'>in</span> <span class='ocrx_word' id='word_1_505' title='bbox 2584 4722 2834 4776; x_wconf 88' lang='lat' dir='ltr'>versione</span> <span class='ocrx_word' id='word_1_506' title='bbox 2872 4723 3087 4794; x_wconf 89' lang='lat' dir='ltr'>Diony-</span> 
     </span>
     <span class='ocr_line' id='line_1_47' title="bbox 417 4800 1948 4858; baseline 0.001 -4"><span class='ocrx_word' id='word_1_507' title='bbox 417 4800 571 4856; x_wconf 87' lang='lat' dir='ltr'>siana</span> <span class='ocrx_word' id='word_1_508' title='bbox 610 4807 665 4857; x_wconf 89' lang='lat' dir='ltr'>et</span> <span class='ocrx_word' id='word_1_509' title='bbox 701 4804 758 4857; x_wconf 92' lang='lat' dir='ltr'>in</span> <span class='ocrx_word' id='word_1_510' title='bbox 795 4822 840 4857; x_wconf 91' lang='lat' dir='ltr'>c.</span> <span class='ocrx_word' id='word_1_511' title='bbox 882 4806 929 4858; x_wconf 91' lang='lat'>6.</span> <span class='ocrx_word' id='word_1_512' title='bbox 969 4805 1032 4858; x_wconf 93' lang='lat' dir='ltr'>D.</span> <span class='ocrx_word' id='word_1_513' title='bbox 1073 4805 1211 4857; x_wconf 89' lang='lat' dir='ltr'><strong>LXI.</strong></span> <span class='ocrx_word' id='word_1_514' title='bbox 1251 4804 1308 4857; x_wconf 90' lang='lat' dir='ltr'>in</span> <span class='ocrx_word' id='word_1_515' title='bbox 1344 4803 1594 4858; x_wconf 89' lang='lat' dir='ltr'>versione</span> <span class='ocrx_word' id='word_1_516' title='bbox 1633 4802 1948 4856; x_wconf 86' lang='lat' dir='ltr'>Isidoriana.</span> 
     </span>
    </p>
   </div>
  </div>
 </body>
</html>
