3355 5328
403 306 473 361 84
1305 306 1442 360 Pars
1479 308 1519 360 I.
1571 306 1865 363 Decretum
1902 307 2165 363 Gratiani.

579 467 658 532 Ε.
706 465 928 533 Etiam
977 467 1515 554 emendationibus
1562 470 1632 532 et
1671 468 2097 533 notationibus
2128 468 2583 536 Correctorum
2612 470 3064 535 Romanorum

402 564 657 631 nonnisi
691 564 1118 631 doctrinalem
1148 564 1442 637 valorem
1472 563 1708 641 inesse,
1735 565 1874 647 ¹iam
1907 587 2107 649 supra
2126 565 2190 647 (ἓ
2216 567 2353 651 43.)
2385 567 2816 651 11161111111111116.
2866 567 3065 633 Unde

388 663 602 731 ,etiam
633 684 823 740 nunc,
872 662 970 728 uti
999 661 1141 745 ipse
1164 661 1347 745 Papa
1384 663 1767 729 Benedictus
1797 664 1983 730 XIV.
2033 664 2315 732 asseruit
2343 664 2385 744 ¹,
2433 686 2624 732 nemo
2655 665 3063 750 prohibetur,

403 762 744 844 quominus
780 760 1021 846 probet,
1070 761 1283 825 locum
1331 759 1635 841 aliquem,
1686 760 1840 826 licet
1886 782 1927 826 a
1958 761 2445 829 Correctoribus
2475 763 2788 830 Romanis
2836 784 3065 829 emen·-

401 860 595 926 datus
641 859 862 936 fuerit,
908 862 1136 924 tamen
1182 877 1327 923 esse
1359 857 1648 941 spurium
1685 862 1801 924 aut
1848 864 2245 943 corruptum.
2317 861 2731 928 Solummodo
2776 862 3064 927 mutatio

402 962 518 1025 aut
563 955 849 1022 inversio
896 960 1123 1022 textus
1146 1004 1161 1033 ,
1224 977 1265 1020 a
1311 955 1801 1022 Correctoribus
1848 957 2161 1024 Romanis
2207 959 2530 1037 adornati,
2579 982 2619 1026 a
2666 960 2832 1026 Sede
2878 960 3063 1043 Apo-

401 1056 634 1123 stolica
678 1054 1062 1139 prohibetur
1087 1050 1132 1118 ².

576 1154 649 1219 F.
711 1154 880 1218 Item
921 1155 1165 1237 qlossae
1208 1153 1463 1217 Decreti
1472 1202 1490 1234 ,
1540 1151 1638 1217 uti
1685 1173 1770 1217 ex
1817 1153 1957 1235 ejus
2004 1153 2255 1235 origine
2299 1156 2627 1238 sequitur,
2694 1155 3063 1221 auctoritas

389 1251 631 1335 legalis
677 1251 858 1316 nulla
890 1249 1220 1333 competit.
1286 1249 1605 1315 Attamen
1650 1270 1894 1360 magna
1941 1251 2300 1317 auctoritas
2347 1253 2725 1318 doctrinalis
2756 1253 2819 1318 ei
2863 1253 3061 1329 inest,

400 1355 468 1416 et
514 1350 775 1460 quidem
820 1352 960 1414 tum
1004 1348 1090 1459 ob
1135 1347 1479 1429 insignem,
1528 1367 1657 1429 qua
1703 1348 1843 1431 ejus
1892 1352 2193 1415 auctores
2222 1350 2577 1433 pollebant,
2626 1351 3061 1417 eruditionem

401 1546 565 1612 creti
610 1545 749 1610 fere
797 1543 1023 1610 coaevi
1070 1547 1295 1621 erant,
1357 1546 1426 1608 et
1483 1542 1635 1610 hinc
1681 1543 2056 1625 gravissimi
2115 1548 2324 1611 testes
2384 1550 2538 1612 sunt
2598 1568 2793 1630 super
2840 1567 3061 1623 sensu,

401 1665 528 1726 quo
576 1642 813 1725 singuli
858 1641 985 1707 loci
1029 1593 1297 1713 Decreti
1337 1642 1478 1724 jam
1524 1643 1606 1707 ab
1653 1640 1866 1707 initio·
1889 1643 2142 1726 accepti
2187 1643 2433 1711 fuerint
2453 1640 2498 1710 ³.

578 1741 858 1824 Propter
911 1760 1106 1821 quam
1149 1738 1472 1821 insignem
1522 1739 1985 1805 auctoritatem
2032 1741 2292 1822 glossae
2338 1742 2763 1809 doctrinalem
2810 1743 3065 1808 multae

401 1841 541 1923 ejus
588 1837 956 1904 sententiae
1002 1836 1305 1920 deinceps
1350 1858 1481 1902 non
1525 1837 1736 1902 solum
1782 1859 1823 1902 a
1863 1838 2220 1904 canonistis
2267 1838 2643 1923 adoptatae,
2692 1840 2808 1906 sed
2856 1841 3064 1906 etiam

402 1959 442 2002 a
475 1937 640 2004 Sede
678 1934 1059 2020 Apostolica
1105 1938 1489 2019 acceptatae
1537 1939 1606 2001 et
1651 1936 1879 2001 valore
1924 1935 2092 2018 legis
2138 1936 2620 2004 ecclesiasticae
2666 1938 3067 2004 universalis

402 2035 683 2102 donatae
730 2037 884 2099 sunt
904 2032 948 2099 4.

1289 2260 1613 2350 CAPUT
1667 2262 2159 2351 OGTAVUM.

519 2453 752 2526 Usus
806 2451 1203 2545 Decreti,
1264 2451 1662 2525 subsidia
1716 2452 2174 2527 litteraria
2226 2455 2326 2526 ad
2384 2455 2607 2527 illud
2664 2456 2939 2530 inter·

841 2574 1349 2670 pretandum
1413 2582 1493 2647 et
1547 2574 1911 2648 utilitas
1966 2576 2241 2649 studii
2296 2577 2607 2674 ipsius.

1332 2771 1384 2858 Δξ
1431 2769 1521 2839 51.
1612 2774 1781 2841 Usus
1828 2775 2113 2844 Decreti.

579 2944 685 3007 Ex
727 2943 1060 3024 hucusque
1108 2941 1318 3021 dictiS,
1369 2942 1540 3024 quod
1587 2964 1777 3008 usum
1821 2945 2088 3011 Decreti
2135 2945 2395 3023 attinet,
2445 2944 2741 3028 sequitur

474 3083 475 3086 =
584 3043 639 3106 1.
701 3040 879 3105 locos
924 3040 1223 3118 Decreti,
1273 3062 1481 3122 quum
1503 3043 1834 3125 juristiee,
1890 3042 1929 3107 i.
1981 3063 2035 3109 e.
2085 3046 2390 3127 respectu
2437 3043 2520 3108 ad
2565 3042 2824 3108 illorum
2872 3046 3067 3111 valo-

399 3159 540 3203 rem
579 3137 947 3222 juristicum
992 3137 1238 3216 habite,
1289 3138 1596 3218 citantur,
1636 3162 1774 3205 non
1819 3161 2013 3223 posse
2060 3141 2250 3207 citari
2296 3140 2679 3225 simpliciter
2722 3163 2841 3225 per
2872 3166 3064 3209 eano-

294 3239 298 3244 ’
398 3241 540 3301 nem
587 3240 655 3302 et
702 3237 1193 3321 distinctionem,
1256 3257 1425 3320 resp.
1490 3260 1751 3302 eausam
1798 3241 1866 3303 et
1912 3242 2335 3323 quaestionem
2359 3236 2406 3321 ⁵,
2474 3238 2589 3304 sed
2635 3243 2944 3306 accurate
2993 3241 3064 3305 in

399 3335 493 3400 eis
540 3333 819 3400 citandis
880 3333 1209 3416 designari
1272 3334 1508 3400 debere
1569 3338 1942 3424 auctorem,
2007 3358 2047 3401 a
2094 3356 2220 3418 quo
2239 3386 2254 3415 ‚
2317 3356 2431 3402 seu
2478 3336 2728 3402 fontem
2747 3387 2761 3414 ,
2830 3358 2867 3403 e
2929 3359 3062 3420 quo

396 3433 811 3517 proveniunt,
860 3431 901 3497 i.
949 3452 1007 3498 e.
1060 3454 1241 3516 611116,
1290 3453 1329 3497 6
1376 3453 1504 3515 quo
1550 3432 1771 3498 hausti
1818 3437 1971 3499 sunt
1991 3430 2035 3499 ⁶.

577 3594 595 3625 1
633 3591 714 3644 De
752 3590 906 3644 Serv.
943 3590 1045 3643 Dei
1082 3589 1312 3644 beatific.
1354 3593 1410 3643 et
1446 3590 1729 3643 beatorum
1767 3590 2024 3655 canoniz.,
2062 3590 2152 3645 lib.
2192 3592 2285 3645 IV.
2337 3596 2477 3661 part.
2515 3592 2565 3646 2.
2605 3610 2720 3662 cap.
2764 3593 2845 3647 17.
2887 3613 2937 3647 n.
2973 3596 3058 3650 10.

403 3670 563 3741 (Opp.
603 3671 684 3724 ed.
723 3671 916 3724 Venet.
958 3671 1111 3735 1767,
1147 3669 1277 3723 tom.
1317 3670 1410 3723 IV.
1450 3689 1500 3740 p.
1541 3670 1708 3738 3650.
2000 3672 2020 3705 ²
2059 3671 2166 3726 cfr.
2206 3690 2372 3742 supra
2410 3691 2460 3743 p.
2502 3674 2585 3727 79.
2624 3690 2706 3742 sq.

578 3752 599 3786 ⁸
638 3749 749 3804 cfr.
788 3750 861 3816 gl.
914 3750 983 3803 ad
1029 3750 1154 3803 dict.
1197 3749 1348 3803 Grat.
1400 3750 1517 3803 init.
1565 3768 1654 3819 qu.
1695 3750 1745 3803 2.
1796 3750 1853 3805 C.
1891 3751 2037 3805 VIII.
2090 3770 2144 3805 v.
2183 3756 2498 3821 patrocinia
2511 3772 2534 3819 ‚·
2586 3752 2718 3807 item
2770 3754 2838 3807 ad
2877 3772 2921 3808 6.
2962 3773 3055 3809 un.

399 3831 514 3885 ead.
554 3848 608 3884 v.
638 3833 969 3899 patrocinia.

575 3911 600 3945 4
634 3912 1006 3978 Reiffenstuel,
1063 3910 1165 3963 Jus
1202 3927 1389 3966 6611611.
1428 3910 1603 3976 univ„
1654 3910 1898 3966 Prooem.
1945 3930 1998 3965 n.
2042 3912 2391 3977 146.—152.;
2449 3914 2688 3982 Schuue,
2739 3913 2839 3967 Die
2878 3914 3057 3969 Lehre

397 4008 505 4044 von
544 3990 645 4043 den
684 3988 926 4053 Quellen,
964 4007 1013 4058 p.
1055 3990 1205 4053 361.;
1260 3992 1434 4059 Idem,
1485 3990 1586 4045 Die
1626 3989 1820 4045 Glosse
1856 4010 1978 4045 zum
2016 3992 2216 4046 Decret
2252 3991 2539 4057 Gratians,
2590 3992 2647 4046 in
2684 3993 2799 4047 citt.
2838 3994 3054 4064 scriptt.

397 4069 749 4125 memorabili.
787 4072 916 4123 tom.
955 4069 1100 4123 XXI.
1140 4073 1278 4162 part.
1319 4070 1368 4123 2.
1407 4089 1458 4140 p.
1498 4071 1583 4125 95.
1622 4088 1705 4140 sq.

578 4151 598 4185 ⁵
637 4149 740 4215 Qui
775 4149 944 4203 talem
980 4150 1196 4203 modum
1234 4151 1290 4204 111
1329 4150 1561 4205 citandis
1598 4151 1732 4208 locis
1768 4126 1986 4209 Decreti
2024 4153 2301 4217 observet,
2359 4152 2502 4207 hunc
2541 4129 2785 4222 Pon-sius,
2823 4153 2858 4207 J
2861 4172 2927 4207 us
2968 4173 3056 4209 ca-

395 4250 517 4286 non
545 4234 664 4295 etc„
700 4234 830 4284 tom.
858 4230 899 4283 I.
938 4248 989 4300 p.
1021 4231 1156 4294 104.
1195 4234 1343 4284 recte
1368 4230 1599 4285 similem
1628 4248 1749 4286 esse
1776 4232 1907 4286 dicit
1932 4232 1998 4296 ei,
2037 4232 2130 4301 qui
2154 4249 2403 4287 nummos
2427 4250 2635 4297 aureos,
2673 4236 2965 4301 argenteos
2991 4253 3056 4289 66

396 4329 593 4366 6611666
629 4314 726 4365 aut
762 4310 928 4365 etiam
963 4310 1261 4380 plumbeos,
1300 4329 1363 4365 eo
1401 4312 1543 4381 quod
1581 4329 1672 4366 eos
1711 4330 1782 4365 ex
1806 4314 1993 4367 eodem
2018 4330 2358 4367 nummorum
2395 4330 2589 4367 acervo
2626 4313 2853 4383 accepit,
2891 4314 3055 4368 unius

397 4409 582 4447 omnes
618 4391 781 4462 pretii
819 4408 939 4445 esse
977 4390 1257 4445 existimet
1293 4394 1350 4445 et
1385 4410 1553 4445 unum
1588 4410 1686 4462 pro
1724 4393 1895 4447 altero
1933 4393 2050 4447 sine
2088 4393 2396 4448 discrimine
2446 4392 2705 4448 exhibeat
2755 4397 2811 4448 et
2847 4398 3055 4463 eroget.

575 4473 597 4509 ⁶
634 4472 722 4526 Sic
771 4490 825 4526 v.
864 4488 948 4539 g.:
999 4471 1086 4525 Ita
1124 4472 1180 4525 S.
1221 4473 1466 4525 Isidorus
1501 4473 1843 4540 Hispalensis
1894 4472 2026 4527 dicit
2074 4473 2382 4543 Etymolog.
2435 4473 2525 4527 lib.
2565 4474 2631 4527 V.
2685 4490 2803 4543 cap.
2841 4474 2893 4528 2.
2910 4517 2925 4540 ,
2972 4476 3057 4529 uti

394 4553 629 4607 refertur
672 4553 729 4606 in
780 4570 825 4606 6.
846 4553 914 4609 ,1.
967 4552 1031 4605 D.
1068 4552 1142 4616 ,1.;
1194 4552 1273 4605 ita
1311 4550 1585 4608 Summus·
1616 4552 1875 4607 Pontifex
1928 4554 1982 4607 S.
2028 4556 2325 4622 Greyorius
2360 4556 2404 4607 Ι.
2457 4553 2736 4623 praecepit
2784 4553 3060 4626 episcopis

395 4631 681 4686 Numidiae
717 4631 774 4685 in
812 4630 1041 4701 epistola
1079 4648 1126 4684 6.
1168 4631 1268 4685 591
1312 4631 1381 4684 ad
1419 4649 1511 4686 eos
1551 4632 1695 4697 data,
1732 4632 1813 4685 uti
1852 4632 2139 4686 adducitur
2174 4632 2232 4686 in
2269 4650 2314 4687 6.
2353 4633 2403 4687 8.
2442 4633 2506 4686 D.
2543 4632 2696 4697 XII.;
2739 4632 2819 4687 ita
2856 4635 3060 4690 statuit

397 4711 696 4772 Concilium
746 4711 1001 4779 generale
1037 4711 1404 4766 Lateranense
1441 4712 1509 4765 II.
1563 4729 1610 4766 a.
1655 4712 1794 4767 1139
1846 4729 1999 4767 cann.
2040 4714 2088 4766 7.
2143 4716 2199 4767 et
2234 4714 2312 4778 8.,
2366 4713 2448 4769 uti
2498 4713 2734 4768 refertur
2783 4713 2842 4766 in
2881 4732 2927 4768 6.
2966 4716 3055 4770 40.

397 4791 456 4847 O.
475 4791 700 4845 XXVII.
728 4809 817 4860 qu.
841 4792 910 4857 1.;
937 4792 1016 4846 ita
1042 4791 1173 4845 dicit
1192 4790 1486 4858 Gratianus
1511 4795 1635 4862 post
1659 4810 1704 4846 6.
1734 4793 1782 4846 8.
1810 4793 1872 4846 D.
1901 4792 2124 4848 XXVII.
2180 4792 2289 4848 cfr.
2320 4795 2547 4847 Ponsius
2570 4793 2606 4848 1.
2629 4811 2679 4847 c.
2705 4812 2758 4864 p.
2782 4794 2904 4850 103.
2930 4812 3055 4865 sqq.
