3355 5328
1459 329 1865 397 Prolegomena.
2541 302 2542 305 Ἴ
2954 329 2989 383 3

2403 439 2428 472 ,

521 486 663 564 Qua
706 488 962 554 ratione
1008 490 1128 555 sub
1168 489 1316 572 jure
1363 489 1673 555 canonico
1722 511 1837 554 seu
1898 490 2241 574 complexu
2297 511 2616 556 canonum
2664 513 2849 556 sensu
2896 494 2988 556 la-

340 587 493 648 tiori
538 584 929 668 intelligitur
975 587 1353 670 complexus
1396 587 1618 668 legum
1664 608 1706 651 a
1750 590 2083 670 potestate
2128 586 2504 669 legislativa
2550 587 2992 653 ecclesiastica

341 681 751 749 conditarum
797 684 1184 766 generatim.
1241 686 1446 750 Sensu
1491 688 1795 750 strictiori
1841 688 2063 750 autem
2108 686 2230 750 sub·
2267 686 2415 768 jure
2462 685 2773 751 canonico
2820 685 2989 751 acci-

340 779 520 862 pitur
573 782 1026 848 tantummodo
1088 782 1464 866 complexus
1522 782 1784 847 illarum
1842 782 2062 863 legum
2126 805 2167 847 a
2223 786 2557 865 potestate
2616 783 2993 865 legislativa

341 877 787 945 ecclesiastica
846 880 1254 946 conditarum
1277 930 1291 958 ,
1359 900 1526 961 quae
1586 880 1670 946 ad
1729 880 2094 945 Ecclesiam
2152 880 2527 947 universam
2584 882 2917 965 pertinent
2942 879 2985 948 ¹.

1134 1115 1172 1200 ξ
1220 1113 1277 1182 3.
1373 1116 1614 1202 Corpus
1656 1115 1832 1202 juris
1881 1114 2196 1183 canonici.

526 1302 655 1367 Sub
703 1302 1016 1368 dictione:
1083 1304 1325 1388 Corpus
1357 1305 1537 1387 juris
1584 1306 1873 1369 canonici
1916 1302 2379 1385 intelligendae
2426 1308 2579 1370 sunt
2625 1328 2794 1371 nunc
2814 1304 2859 1388 ²,
2924 1305 2994 1369 vi

342 1400 715 1466 litterarum
772 1400 1070 1465 brevium
1128 1401 1347 1484 Papae
1405 1402 1701 1485 Greyorii
1747 1401 1941 1467 XIII.
1962 1426 1982 1465 .·
2049 1402 2256 1482 'Quum
2304 1424 2429 1487 pro
2484 1425 2743 1468 munere
2778 1411 2992 1488 pasto-

346 1500 494 1581 rali,
546 1498 604 1563 d.
656 1498 714 1564 d.
770 1500 825 1564 1.
860 1499 990 1563 Jul.
1032 1499 1221 1576 1580,
1270 1501 1619 1580 sequentes
1666 1498 2082 1563 collectiones
2129 1520 2482 1564 canonum:
2536 1504 2592 1566 l.
2640 1501 2993 1566 Decretum

346 1595 679 1673 Gratiani}
744 1599 803 1662 2.
851 1596 1233 1661 Decretales
1287 1597 1506 1679 Papae
1556 1595 1854 1678 Gregorii
1900 1596 2046 1673 IX.;
2111 1599 2170 1662 3.
2219 1597 2415 1662 Liber
2438 1598 2443 1602 ’
2470 1597 2710 1663 Sextus
2772 1598 2995 1663 decre-

344 1695 576 1760 talium
622 1695 842 1777 Papae
888 1693 1210 1759 Bonifacii
1254 1694 1469 1771 VIII.;
1532 1696 1592 1760 4.
1643 1693 2157 1759 Constitutiones
2203 1695 2423 1779 Papae
2483 1696 2834 1761 Clementis
2879 1697 2991 1772 V.;

347 1796 408 1860 5.
456 1792 710 1875 Viginti
755 1793 1295 1874 Extravagantes
1340 1792 1561 1875 Papae
1607 1792 1649 1858 J
1653 1791 1882 1856 oannis
1927 1792 2131 1858 XXII.
2153 1843 2167 1870 ‚
2230 1796 2299 1858 et
2347 1796 2406 1859 6.
2455 1794 2995 1875 Extravagantes

348 1912 738 1956 communes
848 1889 1025 1967 Quae
1090 1890 1506 1955 collectiones
1571 1910 1892 1955 canonum
1957 1911 1997 1954 a
2060 1890 2241 1974 Papa
2305 1891 2620 1972 Gregorio
2681 1892 2856 1957 XHI.
2928 1891 2996 1956 in

346 1989 663 2073 praefatis
708 1988 949 2054 litteris
994 1988 1300 2053 brevibus
1344 1988 1625 2072 primum
1686 1987 2064 2069 singulatim
2125 1993 2592 2054 enumerantur
2649 1992 2719 2054 et
2766 1989 2996 2054 deinde

349 2108 572 2152 omnes
619 2086 1254 2170 comprehenduntur
1300 2090 1497 2168 atque
1545 2085 1868 2150 communi
1913 2086 2204 2150 nomine:
2261 2089 2466 2171 „juris
2511 2090 2800 2152 canonici
2848 2089 2994 2152 Cor-

336 2184 504 2270 pus“
560 2184 1002 2267 designantur.

523 2428 543 2462 ¹
583 2426 699 2492 Qua
738 2427 1019 2481 occasione
1053 2426 1215 2480 simul
1241 2427 1707 2481 commemoranda
1732 2426 1951 2481 videtur
1970 2426 2111 2497 juris
2143 2426 2501 2481 ecclesiastici
2539 2427 2750 2492 divisio,
2788 2428 2997 2482 ratione

344 2509 576 2560 ambitus
613 2506 786 2577 ipsius
823 2507 941 2561 fieri
979 2506 1155 2561 solita.
1230 2506 1508 2561 Dividitur
1545 2510 1728 2560 autem
1760 2507 1852 2577 jus
1890 2506 2319 2561 ecclesiasticum
2366 2507 2575 2561 ratione
2622 2508 2858 2563 ambitus
2896 2509 2997 2574 sui,

346 2590 404 2640 et
443 2586 659 2656 quidem
2627 2580 2632 2585 ’

534 2677 581 2730 1.
619 2680 988 2746 territorialis,
1026 2677 1081 2730 in
1118 2676 1427 2730 universale
1466 2679 1523 2730 et
1557 2675 1902 2746 particulare.
1955 2679 2258 2731 Universale
2283 2680 2383 2741 est,
2423 2678 2564 2745 quod
2603 2679 2672 2732 ad
2696 2677 2999 2733 Ecclesiam

345 2756 660 2810 universam
677 2800 689 2822 ,
744 2775 850 2826 qua
888 2757 999 2810 late
1037 2759 1205 2828 patet,
1244 2759 1485 2827 spectat;
1528 2759 1889 2825 particulare,
1928 2757 2071 2825 quod
2106 2759 2478 2811 tantummodo
2517 2758 2587 2811 ad
2623 2758 2863 2827 aliquam
2898 2760 3000 2814 Ec-

352 2836 553 2891 clesiae
591 2841 803 2907 partem
841 2837 1092 2907 pertinet,
1131 2856 1184 2891 v.
1224 2854 1276 2904 g.
1317 2837 1384 2890 ad
1422 2836 1759 2907 provinciam
1798 2836 2223 2891 ecclesiasticam
2261 2837 2747 2893 Vindobonensem.

526 2926 575 2979 2.
614 2926 843 2980 Ratione
881 2926 1119 2980 ambitus
1147 2928 1455 2994 personalis
1487 2926 1579 2995 jus
1617 2925 2049 2979 ecclesiasticum
2087 2924 2347 2979 dividitur
2402 2926 2459 2979 in
2495 2928 2750 2993 generale
2789 2931 2845 2982 et
2881 2947 3000 2999 spe·

347 3005 501 3060 ciale.
560 3009 819 3059 Generale
856 3006 1234 3076 complectitur
1258 3006 1383 3059 illas
1415 3005 1556 3076 juris
1595 3005 1954 3059 ecclesiastici
1976 3024 2209 3070 normas,
2249 3023 2387 3075 quae
2425 3007 2494 3059 ad
2519 3007 2698 3061 omnia
2722 3007 3001 3064 Ecclesiae

346 3086 590 3139 membra
626 3086 916 3157 pertinent,
954 3086 1037 3139 uti
1061 3090 1147 3140 est
1182 3105 1236 3139 v.
1265 3103 1317 3153 g.
1355 3085 1669 3140 constitutio
1699 3085 1924 3139 Concilii
1960 3085 2231 3154 generalis
2256 3086 2639 3140 Lateranensis
2663 3088 2757 3142 IV.
2784 3106 2831 3142 a.
2865 3090 3000 3144 1215

347 3184 467 3220 can.
505 3167 590 3220 21.
649 3167 714 3220 de
770 3166 1111 3236 suscipiendo
1163 3166 1359 3220 saltem
1409 3166 1577 3219 semel
1626 3165 1685 3218 in
1735 3184 1874 3219 anno
1912 3165 2259 3219 Sacramento
2297 3166 2686 3221 Poenitentiae.
2764 3170 3002 3236 Speciale

340 3247 435 3316 jus
474 3246 904 3300 ecclesiasticum
930 3246 1171 3300 continet
1194 3246 1318 3299 illas
1349 3246 1490 3317 juris
1516 3245 1875 3299 ecclesiastici
1898 3263 2131 3310 normaS‚
2171 3262 2309 3314 quae
2334 3249 2705 3301 tantummodo
2744 3249 2810 3301 ad
2852 3253 3001 3303 certa

349 3325 534 3395 aliqua
570 3326 849 3380 Ecclesiae
887 3327 1128 3380 membra
1165 3329 1440 3396 spectant,
1478 3325 1560 3379 uti
1596 3328 1726 3379 sunt
1761 3344 1814 3379 V.
1853 3343 1906 3393 g.
1945 3343 2164 3379 normae
2202 3326 2346 3380 circa
2383 3326 2628 3381 habitum
2667 3328 3001 3395 clericorum,

349 3424 383 3459 a
423 3406 662 3460 Concilio
700 3406 942 3473 generali
978 3406 1292 3460 Tridentino
1330 3423 1463 3459 sess,
1503 3406 1648 3459 XIV.
1691 3406 1755 3459 de
1792 3407 2009 3460 reform.
2047 3424 2163 3477 cap.
2204 3407 2253 3460 6.
2292 3410 2548 3460 statutae.

529 3494 698 3548 Porro

529 3582 578 3636 3.
618 3583 803 3637 habita
839 3583 1048 3637 ratione
1087 3584 1204 3654 ejus
1242 3583 1684 3637 circumstantiae
1700 3626 1712 3648 ,
1764 3587 1948 3637 utrum
1985 3583 2283 3638 constituat
2319 3587 2585 3654 reyulam,
2639 3603 2708 3639 an
2745 3604 2876 3640 vero
2914 3606 3002 3640 ex-

349 3666 636 3731 ceptionem
672 3681 705 3716 a
739 3664 947 3731 regula,
979 3663 1072 3735 jus
1110 3663 1542 3717 ecclesiasticum
1579 3663 1842 3717 dividitur
1877 3663 1934 3717 in
1971 3682 2251 3717 commune
2289 3667 2345 3717 et
2369 3664 2662 3732 singulare.
2720 3667 3005 3721 Commune

350 3742 731 3812 complectitur
766 3743 891 3797 illas
924 3742 1065 3814 juris
1103 3743 1463 3797 ecclesiastici
1498 3761 1732 3808 normas,
1772 3761 1910 3812 quae
1935 3743 2050 3797 vim
2074 3744 2297 3811 regulae
2323 3744 2599 3810 obtinent;
2638 3746 2720 3800 uti
2758 3750 2844 3801 est
2867 3766 2921 3801 v.
2949 3765 3001 3816 g.

349 3823 584 3893 praefati
611 3823 837 3877 Concilii
865 3823 1138 3891 generalis
1162 3822 1545 3878 Lateranensis
1570 3824 1662 3877 IV.
1704 3842 1820 3877 can.
1849 3825 1952 3889 50.,
1991 3824 2085 3892 qui
2121 3824 2264 3878 inter
2289 3843 2548 3895 personas
2574 3827 3004 3894 consanguineas

349 3920 524 3971 usque
562 3903 630 3957 ad
667 3903 896 3970 gradum
936 3907 1191 3972 quartum
1237 3903 1639 3957 matrimonium
1677 3903 1924 3957 contrahi
1960 3907 2130 3958 vetat.
2208 3904 2243 3958 J
2246 3923 2309 3958 us
2347 3906 2776 3960 ecclesiasticum
2822 3911 3005 3976 sinqu-

351 3986 470 4036 lare
507 3983 913 4053 comprehendit
949 3983 1073 4036 illas
1110 4001 1327 4037 normas
1345 4026 1356 4047 ‚
1410 4001 1549 4052 quae
1586 3984 1926 4037 constituunt
1977 3988 2327 4052 eoeceptionem
2378 4003 2411 4038 a
2447 3986 2653 4052 regula.
2728 3986 2851 4041 Huc
2888 4006 3005 4058 per-

348 4062 492 4116 tinet
516 4065 838 4131 dispensatio
869 4082 904 4115 a
930 4066 1051 4132 leqe,
1090 4083 1143 4117 v.
1171 4081 1241 4131 g.,
1280 4067 1342 4117 ut
1367 4067 1549 4117 certae
1574 4081 1836 4133 personae
1862 4063 2311 4131 consanguineae,
2350 4083 2457 4118 non
2483 4067 2732 4120 obstante
2758 4067 3005 4136 praefato

350 4160 556 4196 canone
594 4145 678 4197 50.
719 4142 946 4196 Concilii
981 4143 1365 4197 Lateranensis
1403 4144 1496 4197 IV.
1520 4185 1533 4208 ,
1584 4143 1796 4213 possint
1846 4161 2032 4197 secum
2081 4144 2318 4198 invicem
2367 4146 2685 4199 contrahere
2732 4147 3005 4201 matrimo-

349 4222 516 4276 nium.
591 4223 760 4277 Porro
811 4223 917 4277 huc
966 4223 1241 4294 pertinent
1286 4223 1366 4277 sic
1418 4223 1563 4277 dicta
1602 4226 1896 4291 privileyia
1948 4232 2135 4277 contra
2188 4227 2360 4292 leyem.
2435 4225 2516 4279 De
2570 4229 2784 4280 caetero
2822 4231 3005 4282 autem

351 4320 516 4356 voces
549 4306 796 4371 yenerale
847 4306 903 4356 et
950 4321 1248 4373 commune,
1302 4308 1466 4372 atque
1516 4306 1743 4371 speciale
1790 4307 1845 4357 et
1880 4306 2158 4371 sinyulare
2194 4305 2340 4359 haud
2389 4323 2511 4359 raro
2550 4323 2733 4360 secum
2770 4306 3006 4362 invicem

350 4387 770 4437 commutantur.
844 4384 907 4436 In
957 4383 1224 4451 reliquum
1265 4385 1330 4437 de
1368 4384 1470 4437 hoc
1520 4384 1618 4438 cfr.
1642 4385 1888 4448 ¹Schenkl
1924 4384 1959 4438 l.
2001 4403 2046 4438 c.
2084 4387 2213 4439 tom.
2253 4386 2293 4439 I.
2342 4385 2374 4451 ξ
2415 4386 2498 4439 39.
2550 4390 2661 4440 not.
2703 4387 2781 4451 2.;
2839 4391 3007 4441 Pach-

349 4480 532 4528 mann,
569 4463 854 4517 Lehrbuch
895 4464 990 4517 des
1027 4462 1479 4527 KirchenrechtS,
1533 4464 1614 4517 ed.
1655 4464 1750 4517 ΙΙΙ.
1827 4463 2054 4517 Vindob.
2099 4466 2234 4519 1863
2273 4483 2409 4534 sqq.,
2448 4469 2576 4519 tom.
2616 4467 2656 4519 Ι.
2697 4485 2747 4537 p.
2792 4468 2857 4521 16
2884 4486 3003 4538 sqq.

350 4547 566 4612 Verinq,
605 4542 888 4596 Lehrbuch
928 4545 1023 4597 des
1060 4544 1284 4608 kathol„
1324 4543 1569 4597 oriental.
1609 4544 1720 4597 und
1757 4547 1981 4613 protest.
2022 4544 2461 4611 Kirchenrechts,
2502 4546 2584 4598 ed.
2612 4546 2680 4599 ΙΙ.
2757 4547 3004 4616 Friburg.

348 4623 408 4676 in
446 4623 625 4690 Brisg.
668 4624 822 4688 1881,
861 4642 912 4693 p.
952 4625 984 4676 5
1023 4641 1135 4693 sq.;
1190 4627 1365 4693 Idem,
1421 4623 1749 4678 Geschichte
1787 4625 1896 4677 und
1936 4624 2254 4678 Pandekten
2295 4627 2389 4678 des
2425 4632 2558 4679 rom.
2598 4627 2708 4680 und
2746 4627 3007 4696 heutigen

350 4702 638 4770 gemeinen
675 4703 1069 4767 PrivatrechtS,
1108 4705 1189 4757 ed.
1229 4705 1295 4758 V.
1371 4704 1615 4771 Mogunt.
1659 4703 1814 4768 1887,
1853 4723 1903 4774 p.
1945 4705 2013 4758 27
2052 4721 2134 4772 sq.

536 4792 558 4826 ²
595 4791 734 4858 Quid
771 4793 871 4846 sub
910 4810 973 4845 ea
1012 4795 1136 4845 olim
1174 4792 1410 4860 intelligi
1447 4792 1807 4857 consueverit,
1845 4792 1986 4846 infra
2030 4793 2190 4863 (part.
2229 4794 2322 4848 III.
2364 4812 2409 4847 c.
2444 4793 2515 4862 1.)
2560 4764 2862 4865 exponitur.

2506 4896 2532 4943 1
2558 4895 2591 4930 *ε
