3355 5328
347 284 449 355 '1'58
1142 302 1281 355 Pars
1318 301 1385 356 II.
1441 300 1798 356 Collectiones
1834 301 2204 357 decretalium.

342 461 659 545 applicari
721 463 1053 544 regulam:
1123 464 1264 529 Lex
1315 467 1636 550 posterior
1707 467 1968 551 deroqat
2024 468 2260 551 priori.
2364 462 2629 532 Etenim
2696 458 3008 528 universa

341 558 579 642 capita,
629 581 797 642 quae
843 560 910 624 in
956 561 1080 626 hac
1128 562 1510 628 collectione
1543 563 2199 647 comprehenduntur,
2250 583 2380 646 qua
2424 560 2606 639 talia,
2656 559 2848 626 simul
2878 562 3042 626 uno*

342 656 700 739 eodemque
730 662 1082 737 momentO,
1118 680 1196 724 eo
1226 659 1554 739 videlicet,
1590 682 1717 743 quo
1751 661 2049 727 collectio
2082 660 2229 745 ipsa
2258 683 2299 726 a
2328 660 2513 744 Papa
2546 660 2849 745 Greqorio
2881 657 3004 724 IX.

340 773 461 837 per
504 755 789 821 bullam:
837 758 978 822 Rea
1012 758 1326 842 pacificus
1371 759 1708 844 publicata
1755 762 1878 837 est,
1925 759 1966 825 i.
2012 780 2068 825 e.
2119 758 2223 824 die
2272 760 2332 824 5.
2375 756 2778 842 Septembris
2815 758 3005 835 1234,

338 852 634 917 valorem
692 853 861 936 legis
920 854 1407 921 ecclesiasticae
1454 861 1884 940 acceperunt;
1947 857 2119 922 unde
2161 856 2337 923 inter
2381 864 2464 922 ea
2508 856 2633 921 hoc
2677 856 3004 938 respectu,

331 949 630 1033 juristice
677 951 1020 1034 loquendO,
1057 956 1254 1038 prius
1302 957 1371 1019 et
1409 957 1727 1039 posterius
1772 954 2148 1020 nullatenus
2194 953 2438 1019 assumi
2484 956 2754 1038 potest.‘

522 1048 588 1113 Si
619 1049 877 1131 quando
923 1049 1127 1132 igitur
1172 1051 1344 1118 inter
1391 1052 1517 1117 duo
1566 1051 1787 1137 capita
1830 1051 2024 1136 hujus
2071 1051 2475 1118 collectionis
2511 1072 2735 1136 pugna
2774 1050 3003 1135 depre-

337 1146 681 1225 hendatur,
733 1168 812 1212 ea
858 1148 1214 1213 secundum
1246 1149 1410 1214 alias
1456 1150 1934 1234 interpretandi
1977 1151 2246 1232 regulas
2285 1149 2601 1215 solvenda
2648 1149 2791 1215 erit.
2864 1147 3002 1224 Quo

336 1247 642 1327 respectu
702 1244 875 1310 inter
938 1249 1162 1311 cetera
1223 1247 1624 1313 considerari
1671 1248 1936 1314 debebit
1954 1298 1968 1326 ,
2020 1269 2175 1312 num
2222 1247 2398 1337 forte
2445 1247 2727 1313 alterum
2772 1247 3004 1311 horum

337 1341 626 1425 capitum
672 1343 835 1409 velit
882 1347 1176 1409 statuere
1221 1346 1552 1427 regulam,
1616 1366 1785 1429 quae
1834 1345 2264 1412 communiter
2309 1346 2534 1411 valere
2582 1345 2819 1411 debeat
2838 1394 2853 1424 ,
2903 1344 3000 1409 al-

334 1442 554 1504 teram
601 1444 822 1506 autem
870 1441 1322 1526 exceptionem
1357 1443 1439 1508 ab
1481 1442 1595 1508 illa
1625 1444 1877 1525 regula,
1925 1443 1993 1509 in
2041 1444 2300 1509 casibus
2347 1443 2788 1526 singularibus
2834 1442 3002 1508 vali-

337 1539 574 1604 turam.
669 1537 809 1614 Qua
868 1539 1125 1605 ratione
1171 1540 1354 1624 Papa
1399 1542 1784 1607 Benedictus
1830 1543 2025 1608 XIV.
2057 1539 2080 1579 ¹
2138 1541 2208 1607 in
2254 1541 2471 1625 specie
2526 1536 3002 1607 conciliandum

336 1638 563 1702 censet
611 1657 751 1720 cap.
803 1638 863 1703 9.
912 1637 991 1704 X.
1042 1638 1123 1703 de
1170 1638 1451 1705 cohabit.
1503 1639 1654 1705 cler.
1706 1643 1775 1705 et
1819 1639 2073 1705 mulier.
2122 1639 2237 1705 ΠΙ.
2290 1642 2349 1706 2.
2385 1660 2533 1705 cum
2580 1660 2721 1723 cap.
2763 1642 2818 1704 1.
2856 1639 2995 1705 eod.

1049 1846 1087 1933 ξ
1136 1845 1226 1916 91.
1319 1848 1558 1916 Partes
1606 1848 1870 1917 decisae
1921 1849 2207 1937 capitum
2233 1846 2280 1915 ².

513 2009 748 2076 Partes
795 2011 1047 2076 decisas
1077 2010 1283 2075 ullum
1327 2011 1621 2075 valorem
1661 2011 1947 2092 legalem
1992 2031 2123 2075 non
2168 2010 2433 2087 habere,
2481 2006 2640 2071 inde·
2680 2003 2995 2088 sequitur,

334 2107 507 2189 quod
551 2107 735 2192 ipsae
779 2109 1155 2175 nullatenus
1202 2130 1243 2173 a
1288 2109 1472 2193 Papa
1520 2107 1838 2191 Gregorio
1885 2109 1997 2174 IX.
2051 2108 2456 2192 approbatae
2501 2108 2696 2184 sunt,
2759 2102 2997 2187 quippe

334 2224 504 2285 quae
540 2204 608 2269 in
638 2210 830 2273 textu
861 2208 1053 2290 hujus
1086 2206 1507 2284 collectionis,
1559 2227 1595 2271 e
1625 2210 1818 2290 parte
1849 2205 2224 2289 Raymundi
2256 2204 2643 2271 concinnato
2676 2206 2745 2268 et
2774 2201 2997 2286 Papae

336 2302 654 2384 Gregorio
700 2304 810 2369 IX.
873 2304 1209 2389 proposito
1229 2354 1243 2382 ,
1305 2325 1720 2387 nequaquam
1782 2304 2109 2370 adessent.
2202 2302 2435 2385 Neque
2496 2301 2697 2367 etiam
2743 2299 2813 2364 in
2859 2299 2997 2364 edi-

332 2399 578 2466 tionem
623 2402 814 2485 hujus
862 2401 1262 2468 collectionis
1303 2401 1769 2480 authenticam,
1811 2403 1999 2485 jussu
2046 2404 2116 2466 et
2148 2400 2544 2468 auctoritate
2576 2399 2799 2483 Papae
2833 2397 2996 2464 Gre-

332 2498 501 2579 gorii
546 2499 657 2564 IX.
706 2498 960 2565 Romae
1007 2521 1066 2566 a.
1121 2501 1291 2564 1582
1339 2500 1606 2579 factam,
1654 2502 1964 2584 receptae
2011 2502 2185 2565 sunt.

510 2596 714 2661 Porro
746 2618 956 2681 neque
987 2601 1390 2666 momentum
1423 2598 1836 2681 exegeticum
1869 2596 1964 2663 eis
2009 2595 2210 2664 tribui
2254 2598 2496 2681 potest,
2545 2595 2670 2660 nisi
2701 2597 2995 2660 tantum-

332 2695 525 2760 modo
569 2697 748 2774 tunc,
796 2718 993 2779 quum
1041 2717 1158 2761 eae
1192 2697 1448 2762 decisae
1480 2718 1596 2762 seu
1644 2697 1923 2763 omissae
1971 2716 2117 2761 esse
2164 2695 2632 2778 dignoscuntur
2676 2697 2995 2777 tanquam

333 2794 723 2878 superfluae,
785 2815 1198 2876 nequaquam
1245 2799 1468 2861 autem
1485 2844 1499 2873 ,
1557 2817 1756 2878 quum
1803 2815 1917 2860 eas
1965 2797 2226 2860 constat
2271 2792 2546 2859 omissas
2593 2791 2797 2857 fuisse
2837 2796 2994 2858 tan-

332 2911 528 2971 quam
567 2891 718 2974 juri,
766 2895 924 2957 tunc
968 2892 1240 2973 vigenti,
1291 2896 1653 2958 contrarias
1681 2888 1724 2958 ³.

1094 3099 1132 3184 ἕ
1181 3097 1281 3167 92.
1373 3100 1847 3187 Inscriptiones
1879 3099 2169 3187 capitum
2196 3099 2240 3164 ⁴.
2275 3167 2278 3170 ,

507 3257 973 3342 Inscriptiones
1020 3257 1340 3340 capitum,
1398 3258 1698 3341 quamvis
1746 3261 1814 3323 et
1858 3257 2041 3342 ipsae
2088 3278 2129 3322 a
2173 3256 2562 3341 Raymundo
2610 3260 2991 3341 assumptae

330 3359 400 3422 et
462 3378 593 3422 una
657 3378 803 3421 cum
865 3356 1117 3438 reliquo
1180 3359 1374 3422 textu
1437 3355 1659 3440 Papae
1723 3355 2039 3437 Gregorio
2098 3354 2211 3421 IX.
2278 3355 2655 3439 propositae
2719 3351 2988 3435 fuerint,

328 3457 552 3520 tamen
597 3455 890 3520 valorem
935 3454 1215 3536 legalem
1262 3455 1637 3519 nullatenus
1683 3454 1947 3520 habent.
2032 3452 2297 3520 Etenim
2346 3452 2647 3519 Summus
2678 3451 2992 3518 Pontifex

328 3553 676 3636 Greyorius
707 3552 828 3618 IX.
863 3552 1254 3635 Raymundo
1300 3573 1714 3635 nequaquam
1759 3552 2213 3628 mandaverat,
2262 3553 2337 3617 ut
2385 3571 2546 3634 opus
2582 3548 2986 3629 historicum,

509 3735 529 3768 ¹
564 3733 646 3787 De
686 3733 885 3805 Synod.
927 3735 1092 3789 dioec.
1133 3736 1225 3789 lib.
1264 3735 1358 3789 XI.
1399 3753 1514 3805 cap.
1553 3735 1603 3789 4.
1643 3753 1697 3789 n.
1737 3736 1786 3789 6.
1826 3752 1908 3804 sq.
2169 3799 2172 3802 ,
2261 3802 2265 3808 .

509 3814 529 3848 ²
567 3816 732 3868 Joan.
759 3817 1029 3885 Andreae,
1066 3816 1298 3870 Novella
1334 3819 1638 3880 comment„
1674 3815 1733 3868 in
1759 3814 1983 3883 Gregor.
2010 3815 2105 3869 IX.
2131 3815 2336 3869 bullam
2361 3815 2648 3886 publicat.:
2686 3816 2805 3867 Rex
2826 3818 2988 3883 paci-

324 3895 482 3962 ficus,
520 3911 573 3948 v,
611 3896 759 3963 Rex,
797 3895 838 3948 I.
877 3913 928 3949 n.
967 3896 1078 3961 39.;
1130 3897 1314 3966 Papae
1352 3898 1626 3950 Benedicti
1661 3897 1818 3951 XIV.
1857 3896 2103 3951 litterae:
2153 3898 2416 3949 Redditae
2452 3897 2630 3963 nobis,
2670 3894 2756 3948 die
2791 3894 2842 3948 4.
2881 3893 2987 3948 De·

327 3972 560 4038 cambris
600 3974 739 4027 1744
789 3976 859 4029 ad
909 3975 1375 4047 archiepiscopum
1425 3975 1478 4030 S.
1517 3976 1789 4030 Dominici
1838 3976 1896 4029 in
1944 3975 2123 4030 insula
2174 3974 2495 4046 Hispaniola
2549 3974 2651 4043 (St.
2689 3973 2981 4042 Domingo)

326 4053 511 4108 Indiae
559 4053 925 4109 Occidentalis
978 4057 1165 4121 datae,
1213 4057 1246 4123 ξ
1285 4058 1333 4111 9,
1373 4074 1524 4125 sqq.,
1583 4056 1812 4125 (Bullar.
1851 4056 2075 4110 Roman.
2129 4056 2209 4109 ed.
2261 4054 2627 4122 Luxemburg.
2671 4055 2805 4108 1727
2845 4072 2986 4123 sqq.,

322 4137 453 4189 tom.
493 4135 639 4188 XVI.
678 4152 730 4204 p.
770 4134 950 4203 262.);
996 4139 1249 4206 Giraldi,
1292 4136 1576 4207 Expositio
1616 4136 1733 4191 Jur.
1773 4136 1963 4206 pontif.
1997 4136 2159 4207 juxta
2195 4138 2397 4189 recent.
2436 4134 2716 4189 Ecclesiae
2756 4134 2984 4205 discipl„

325 4216 407 4269 ed.
446 4216 514 4269 H.
552 4215 707 4268 Rom.
750 4215 887 4284 1829
925 4233 1025 4285 sq.,
1062 4220 1202 4287 part.
1230 4218 1271 4270 I.
1309 4220 1438 4271 tom.
1477 4217 1527 4271 2.
1566 4233 1691 4287 pag.
1732 4217 1853 4271 541.
1892 4219 2025 4270 sect.
2063 4215 2208 4280 733.;
2249 4217 2479 4285 Schulte,
2515 4215 2616 4269 Die
2655 4213 2984 4269 Geschichte

323 4296 420 4349 der
459 4294 701 4361 Quellen,
736 4297 865 4349 tom.
905 4296 973 4349 II.
1012 4315 1062 4366 p.
1108 4297 1188 4351 17.

504 4376 526 4411 ⁸
563 4375 680 4440 Qua
716 4375 926 4429 ratione
952 4378 1114 4429 Joan.
1143 4378 1397 4430 Andreae
1433 4377 1467 4430 1.
1507 4394 1552 4430 c.
1591 4394 1643 4429 n.
1680 4376 1784 4440 39„
1821 4376 2162 4446 provocando
2200 4374 2270 4429 ad
2295 4377 2629 4429 Vincentium
2654 4376 2981 4443 Hispanum,

321 4454 429 4509 ait:
475 4455 659 4521 „Dixit
689 4455 1056 4525 (Vincentius)
1099 4456 1281 4521 etiam,
1319 4457 1478 4526 quod,
1515 4456 1564 4510 si
1590 4455 1871 4510 dubitatur
1908 4456 1973 4509 de
2013 4455 2274 4509 decretali
2309 4454 2400 4509 hic
2437 4457 2707 4520 contenta,
2745 4452 2984 4523 qualiter

321 4534 558 4604 intelligi
596 4537 791 4591 debeat
805 4578 818 4602 ,
867 4540 1077 4607 partem
1115 4540 1418 4591 resecatam
1455 4537 1710 4590 inducere
1748 4539 2051 4606 possumus,
2126 4535 2280 4602 Quod
2314 4553 2508 4590 verum
2544 4537 2631 4588 est
2645 4577 2658 4599 ‚
2703 4533 2752 4587 si
2788 4534 2864 4588 sit
2896 4551 2981 4588 re·

322 4618 485 4681 mota,
524 4616 652 4685 quia
688 4618 977 4687 superflua,
1016 4617 1108 4671 vel
1143 4617 1372 4688 prolixa,
1411 4635 1532 4681 non,
1572 4616 1700 4685 quia
1732 4616 1843 4686 juri
1880 4615 2198 4671 contraria.“

502 4696 527 4731 4
564 4697 805 4766 Schulte,
855 4696 958 4751 Die
994 4697 1168 4751 Lehre
1217 4715 1327 4751 von
1378 4697 1482 4751 den
1520 4696 1748 4763 Quellen
1792 4696 1888 4750 des
1922 4695 2129 4751 kathol.
2167 4694 2591 4751 Kirchenrechts
2608 4738 2619 4760 ,
2670 4713 2723 4765 p.
2762 4693 2884 4748 343.
2923 4697 2985 4749 et

321 4792 374 4844 p.
414 4776 565 4841 359.;
606 4779 767 4846 Idem,
806 4778 906 4832 Die
946 4778 1272 4833 Geschichte
1310 4778 1404 4832 der
1443 4777 1687 4844 Quellen,
1722 4781 1853 4831 tom.
1892 4777 1959 4831 H.
1997 4795 2048 4847 p.
2091 4777 2173 4831 19.
2471 4813 2472 4816 =
