3355 5328
449 350 550 406 140
1254 353 1392 407 Pars
1428 353 1495 407 11.
1552 352 1911 409 Collectiones
1948 353 2316 409 decretalium.

443 509 736 579 venisset
752 563 766 592 ,
823 517 981 579 tunc
1028 515 1109 579 ab
1156 515 1299 599 ipso
1345 517 1529 600 Papa
1577 517 1881 601 Greqorio
1928 516 2050 582 IX.
2101 518 2538 600 opportunum
2583 514 2942 580 remedium
2981 534 3079 598 pe-

442 607 553 676 tiit
570 659 584 687 ‚
647 611 758 694 qui
816 611 885 677 in
942 612 1066 679 tali
1124 634 1280 679 casu
1327 614 1590 680 condita
1635 613 1905 698 speciali
1961 614 2429 680 constitutione
2473 612 2762 698 providit
2792 612 2833 678 ¹.
2926 610 3083 688 Quae

442 709 647 775 talem
694 710 1231 777 constitutionem
1275 712 1497 796 Papae
1547 713 1844 798 Greyorii
1889 712 2011 778 IX.
2063 711 2401 778 continent
2460 711 2679 795 capita
2732 711 2924 794 hujus
2968 710 3081 774 col-

442 807 763 887 lectioniS,
814 829 893 877 ea
924 809 1352 893 Raymundus
1393 809 1778 894 simpliciter
1822 809 2154 894 inscripsit
2198 810 2500 876 vocibus:
2553 810 2901 894 Greyorius
2930 802 3084 874 1X.2

1345 1055 1667 1144 CAPUT
1726 1056 2200 1144 TERTIUM.

448 1236 1019 1335 Approbatio
1094 1248 1174 1312 et
1251 1239 1758 1336 publicatio
1839 1238 2420 1312 collectionis
2503 1233 3083 1310 decretalium

1301 1360 1598 1457 Papae
1654 1360 2084 1455 Gregorii
2140 1358 2275 1432 IX.

1440 1553 1479 1642 ἓ
1526 1553 1624 1622 76.
1719 1555 2115 1623 Generatim.

629 1715 837 1792 Quam
899 1715 1387 1795 collectionem,
1450 1717 1549 1783 ita
1602 1739 1643 1782 a
1696 1717 2087 1800 Raymundo
2148 1715 2538 1781 adornatam
2557 1766 2575 1797 ,
2638 1714 2824 1798 Papa
2878 1715 3089 1797 Greqo-

450 1817 590 1879 rius
638 1814 760 1879 LX.
825 1814 1216 1897 approbavit
1277 1818 1345 1880 et
1403 1815 1765 1898 publicavit
1825 1835 2099 1897 eamque
2161 1814 2279 1879 sub
2325 1813 2538 1878 bulla:
2601 1814 2743 1878 Rex
2777 1812 3107 1898 pacifica&

333 2001 338 2007 ·
451 1911 510 1977 d.
562 1912 620 1977 d.
659 1912 925 1995 Spoleti,
976 1912 1080 1977 die
1128 1914 1187 1978 5.
1231 1913 1407 1996 Sept.
1463 1915 1653 1991 1234,
1706 1914 1790 1978 ad
1831 1912 2269 1978 Parisiensem
2317 1914 2385 1978 et
2415 1909 2893 1976 Bononiensem
2917 1905 2942 1945 ³
2988 1927 3091 1973 nec

449 2030 581 2074 non
628 2009 929 2094 deinceps
977 2011 1060 2075 ad
1107 2010 1271 2075 alias
1309 2010 1510 2076 etiam
1540 2010 2031 2076 Universitates
2058 2010 2084 2048 ⁴
2127 2008 2519 2088 transmisit,
2567 2029 2699 2073 non
2729 2007 2905 2073 forte
2939 2007 3089 2082 iden,

449 2111 527 2173 ut
569 2107 715 2192 ipsa
761 2109 842 2173 ab
902 2108 1031 2173 illis
1078 2108 1640 2174 Universitatibus
1704 2109 1891 2190 quasi
1952 2109 2433 2193 approbaretur
2478 2110 2547 2173 et
2592 2108 3091 2180 confirmaretur,

451 2206 567 2271 sed
613 2209 688 2271 ut
735 2206 816 2271 ab
863 2205 991 2271 illis
1039 2206 1105 2271 in
1153 2206 1391 2271 scholis
1452 2209 1895 2290 exponeretur
1956 2209 2027 2271 et
2082 2205 2203 2271 tali
2261 2205 2520 2271 ratione
2565 2225 2684 2289 per
2727 2221 3092 2268 numerosos

450 2303 781 2368 scholares
826 2303 1065 2369 ibidem
1112 2304 1346 2369 studiis
1392 2301 1710 2370 vacantes
1763 2325 1920 2369 mox
1981 2324 2179 2386 quam
2237 2302 2525 2368 maxime
2586 2301 3032 2384 divulgaretur
3052 2296 3090 2375 ⁵,

450 2400 841 2485 insuperque
889 2401 1251 2480 constituit,
1301 2405 1376 2467 ut
1421 2423 1506 2468 ex
1536 2405 1695 2467 tunc
1726 2402 1906 2467 nulla
1951 2401 2228 2485 amplius
2272 2400 2758 2485 praedictarum
2789 2397 3092 2483 Compila-

447 2498 701 2564 tionum
748 2499 1183 2581 antiquarum,
1232 2500 1348 2565 sed
1394 2501 1536 2566 sola
1579 2501 1744 2565 haec
1790 2500 1858 2564 in
1897 2498 2159 2584 judiciis
2203 2502 2271 2565 et
2301 2499 2370 2564 in
2402 2498 2639 2564 scholis
2671 2496 3090 2571 adhiberetur,

450 2599 518 2661 et
564 2618 647 2661 ne
694 2596 838 2679 quis
901 2596 1101 2661 aliam
1159 2596 1529 2681 hujusmodi
1589 2597 2041 2663 collectionem
2091 2598 2338 2681 absque
2384 2595 2653 2683 speciali
2701 2595 2885 2661 Sedis
2928 2594 3093 2679 Apo-

450 2695 720 2761 stolicae
765 2694 1034 2761 licentia
1082 2696 1403 2761 adornare
1448 2701 1921 2780 praesumeret.

511 2882 551 2968 ξ
600 2881 692 2950 77.
785 2884 980 2951 Bulla
1025 2885 1521 2972 publicationis:
1570 2887 1743 2954 Rex
1777 2887 2257 2982 pacificus,
2308 2885 2371 2953 d.
2421 2885 2483 2953 d.
2533 2883 2592 2953 5.
2642 2885 2821 2973 Sept.
2869 2879 3035 2951 1234.

633 3042 812 3119 Quae
858 3045 1055 3123 bulla,
1103 3045 1171 3110 in
1216 3045 1435 3112 fronte
1481 3046 1673 3130 hujus
1719 3046 2132 3113 Collectionis
2177 3046 2395 3132 posita
2420 3045 2466 3125 ⁶,
2513 3045 2814 3129 proxime
2860 3046 2941 3111 ad
2976 3045 3090 3109 Bo-

450 3140 829 3206 noniensem
875 3142 1398 3209 Universitatem
1445 3144 1714 3223 directa,
1763 3150 1958 3211 sonat
2003 3146 2424 3224 verbotenuS‚
2472 3147 2549 3209 ut
2594 3143 2923 3226 sequitur:

634 3308 650 3341 ¹
691 3306 754 3359 Id
791 3307 934 3375 quod
970 3305 1176 3377 pariter
1212 3307 1512 3377 Imperator
1549 3311 1902 3362 Justinianus
1940 3311 1984 3362 I.
2000 3350 2017 3378 ,
2069 3299 2195 3362 dum
2233 3311 2454 3377 Diyesta
2491 3309 2896 3363 adornabantur
2910 3351 2924 3374 ,
2958 3305 3088 3361 fecit.

455 3385 563 3439 cfr.
602 3386 747 3440 infra
785 3388 1013 3456 append.
1053 3405 1168 3457 cap.
1208 3387 1248 3440 I.
1289 3391 1391 3441 art.
1431 3388 1481 3441 3.
1520 3387 1553 3454 ἓ
1594 3389 1679 3442 15.

630 3468 649 3499 ²
687 3466 810 3520 Huc
859 3467 1133 3537 pertinent
1168 3486 1220 3521 v.
1261 3485 1313 3535 g.
1353 3484 1397 3522 c.
1442 3469 1523 3521 11.
1562 3468 1628 3522 X.
1654 3469 1655 3472 ’
1683 3468 1749 3521 (16
1801 3469 2114 3522 consuetud.
2153 3469 2193 3522 Ι.
2233 3469 2315 3532 4.;
2362 3486 2407 3523 c.
2447 3468 2496 3523 2.
2536 3468 2603 3523 Χ.
2657 3469 2725 3523 (16
2778 3469 2997 3523 ordinat.
3028 3465 3087 3519 ab

451 3546 613 3615 episc.
666 3546 760 3616 qui
808 3551 1020 3601 renunt.
1059 3548 1099 3601 I.
1142 3548 1255 3612 13.;
1308 3565 1353 3600 c.
1393 3548 1478 3601 25.
1517 3548 1603 3602 26.
1643 3548 1710 3602 X.
1765 3549 1829 3602 de
1880 3552 2019 3603 sent.
2072 3551 2128 3602 et
2175 3567 2235 3603 re
2280 3548 2449 3620 judic.
2489 3549 2557 3603 11.
2598 3550 2715 3614 27.;
2771 3567 2815 3603 c.
2856 3552 2903 3603 7.
2938 3547 2999 3601 X.
3032 3545 3090 3598 (16

451 3626 671 3679 conditt.
711 3644 895 3696 appoS.
932 3627 1026 3681 IV.
1067 3628 1116 3681 5.
1129 3647 1141 3691 ;
1196 3645 1241 3681 c.
1281 3627 1330 3681 3.
1369 3627 1436 3680 Χ.
1477 3628 1541 3680 (16
1579 3645 1786 3697 precar.
1825 3628 1919 3682 III.
1962 3630 2074 3693 14.;
2128 3647 2171 3683 c.
2212 3647 2302 3684 un.
2341 3629 2407 3683 X.
2448 3630 2514 3683 de
2560 3630 2825 3684 commod.
2864 3629 2953 3683 111.
2991 3627 3088 3687 15.;

452 3721 496 3758 c.
536 3705 585 3758 2.
624 3705 691 3758 Χ.
732 3706 796 3758 (16
835 3706 1059 3776 deposit.
1097 3707 1190 3760 III.
1234 3708 1346 3771 16.;
1385 3725 1430 3760 c.
1459 3707 1507 3760 3.
1533 3708 1583 3761 4.
1619 3707 1687 3761 X.
1727 3708 1793 3761 de
1830 3707 1990 3762 locat.
2032 3709 2277 3763 conduct.
2318 3708 2413 3763 III.
2453 3710 2536 3764 18.
2592 3709 2674 3762 De
2713 3713 2892 3764 cetero
2929 3709 3088 3763 autem

452 3801 522 3836 ex
559 3784 675 3836 sola
711 3784 814 3838 hac
851 3785 1006 3839 brevi
1041 3786 1388 3856 inscriptione
1407 3829 1419 3851 ,
1457 3785 1622 3840 alicui
1661 3788 1828 3857 capiti
1863 3788 2104 3858 praefixa
2121 3830 2133 3852 ‚
2171 3790 2408 3842 nondum
2446 3791 2593 3843 certo
2632 3789 2883 3844 concludi
2916 3787 3088 3859 potest,

453 3865 617 3931 caput
652 3862 788 3916 illud
825 3863 1132 3934 hujusmodi
1171 3866 1612 3920 constitutionem
1648 3884 1747 3920 seu
1786 3867 2110 3921 decisionem
2146 3867 2330 3937 Papae
2374 3871 2632 3938 Greyorii
2668 3872 2771 3923 Π.
2812 3869 3086 3927 continere;

452 3941 710 3994 nonnulla
748 3942 889 3995 enim
928 3945 1106 4013 capita
1143 3944 1306 4014 hujus
1344 3945 1693 4010 collectioniS,
1730 3946 1861 4000 licet
1899 3947 2163 4017 ejusmodi
2201 3948 2424 4001 brevem
2461 3948 2873 4019 inscriptionem
2904 3946 3088 4016 gerant,

451 4023 637 4074 tamen
687 4038 794 4074 non
829 4021 999 4075 talem
1050 4025 1489 4078 constitutionem
1541 4044 1639 4079 seu
1691 4025 2012 4079 decisionem
2050 4026 2234 4097 Papae
2274 4027 2525 4096 Gregorii
2561 4028 2655 4082 IX.
2679 4071 2693 4093 ,
2744 4030 2844 4083 sed
2880 4029 2988 4099 ejus
3017 4040 3086 4077 re·

452 4100 717 4169 scriptum
753 4117 850 4154 seu
889 4102 1215 4156 decretalem
1247 4104 1506 4158 referunt.
1561 4105 1672 4159 cfr.
1704 4107 1949 4175 Phillips,
1987 4106 2398 4172 Kirchenrecht,
2440 4111 2570 4163 tom.
2610 4109 2713 4163 IV.
2747 4127 2800 4179 p.
2840 4109 2955 4163 286.
2991 4121 3085 4172 sq.;

454 4180 685 4249 Schulte,
723 4179 825 4233 Die
864 4179 1187 4236 Geschichte
1225 4183 1320 4235 der
1357 4183 1599 4248 Quellen‚
1636 4187 1764 4238 tom.
1804 4184 1871 4239 ΙΙ.
1911 4203 1962 4255 p.
2005 4187 2088 4240 11.

633 4259 653 4292 ³
694 4261 950 4329 Potthast,
988 4260 1228 4327 Regesta
1261 4262 1476 4316 Pontiff.
1509 4263 1737 4328 Romm„
1776 4264 1857 4317 ed.
1914 4265 2089 4319 Berol.
2121 4267 2273 4329 1874,
2312 4267 2421 4321 vol.
2457 4268 2498 4322 I.
2525 4286 2578 4338 p.
2605 4268 2729 4323 826.
2768 4286 2820 4323 11.
2848 4266 2993 4323 9693.
3015 4280 3083 4330 sq.

420 4393 424 4398 ,
630 4340 654 4374 4
691 4342 855 4393 Joan.
884 4341 1152 4408 Andreae,
1189 4340 1420 4394 Novella
1457 4346 1760 4408 comment„
1797 4343 1855 4396 in
1881 4344 2130 4411 Gregorii
2154 4345 2247 4399 IX.
2275 4346 2482 4400 bullam
2519 4347 2781 4417 publicat.
2818 4350 2930 4401 Rex
2953 4345 3083 4414 pad-

451 4419 598 4486 ᾒοαε,
636 4436 688 4472 v.
726 4419 876 4483 Rex,
921 4419 962 4471 I.
1001 4436 1052 4472 n.
1091 4420 1209 4472 47.:
1269 4419 1442 4484 „Dic,“
1499 4420 1706 4489 inquit,
1771 4424 1942 4491 „quod
1993 4424 2149 4493 plura
2201 4426 2451 4496 exempla
2501 4426 2666 4498 hujus
2707 4420 3082 4497 compilationis

453 4497 521 4550 ad
559 4497 801 4551 solennia
837 4498 1019 4551 studia
1055 4497 1224 4551 missa
1261 4497 1527 4553 fuerunt.“
1585 4500 1694 4555 cfr.
1724 4504 1952 4571 Schultz,
1991 4503 2091 4557 Die
2118 4504 2446 4559 Geschichte
2484 4507 2581 4560 der
2605 4506 2852 4572 Quellen,
2888 4511 3004 4561 tom.
3026 4500 3079 4555 IL

453 4593 505 4645 p.
547 4577 594 4629 7.
632 4594 684 4629 n.
727 4578 808 4631 13.

635 4659 654 4690 ⁵
693 4658 929 4788 δοῖιῖιέιε,
979 4656 1081 4710 Die
1118 4656 1292 4710 Lehre
1330 4675 1437 4711 von
1476 4659 1578 4712 den
1616 4659 1845 4725 Quellen
1881 4661 1978 4715 des
2012 4662 2164 4717 kath.
2205 4664 2660 4732 Kirchenrechts,
2715 4686 2768 4737 p.
2808 4667 2923 4720 341.
2991 4660 3078 4716 Cfi'·

456 4750 624 4803 supra
661 4752 711 4803 p.
861 4777 872 4789 .

635 4815 656 4849 ὃ
694 4814 755 4866 Ι11
788 4813 1019 4868 editione
1047 4813 1296 4885 Corporis
1315 4816 1422 4885 jur.
1450 4834 1564 4871 can.
1593 4835 1663 4871 ex
1686 4836 1890 4873 recens,
1919 4823 2066 4875 Petri
2103 4826 2159 4876 et
2183 4825 2472 4880 Franci-sci
2505 4826 2743 4881 fratrum
2770 4829 3076 4881 Ethoemm

506 4909 601 4970 Ἣ
