3355 5328
1400 352 1403 359 ·
1433 328 1629 384 Sectis·
1651 329 1747 383 ΠΙ.
1771 350 1776 353 ·
1800 328 1837 397 9
1874 330 1959 386 98.
2924 322 3027 387 169

361 484 868 569 jurisconsultus
913 509 1085 555 saec.
1135 491 1308 557 XVI.
1360 486 1430 573 (†
1472 491 1749 575 ·1541)-1‚
1812 498 1887 559 et
1940 498 2092 577 post
2154 494 2337 558 ilium
2398 494 2580 558 Serti
2604 490 2649 577 ²,
2711 493 3028 558 Innocen-

366 583 533 650 tium
562 584 699 664 fv„
748 585 900 651 dum
931 602 1201 652 moram
1227 586 1528 656 traheret
1559 589 1866 672 Lugduni
1905 596 2057 675 post
2088 591 2442 658 Concilium
2469 590 2563 655 ibi
2605 590 3024 668 celebratum,

369 681 811 765 composuisse
844 688 1277 767 apparatum·
1292 696 1490 770 super
1506 710 1509 723 ·
1527 681 1663 752 lillis
1697 687 2272 755 constitutionibus
2311 688 2881 766 etvdecretalibus,
2928 687 3028 752 in*

369 783 621 845 sertum
664 779 733 844 in
777 779 987 864 ipsius
1043 782 1368 865 apparatu
1422 800 1625 868 super
1683 780 2072 851 collectione¹
2127 784 2553 851 decretalium
2596 785 2817 868 Papae
2866 785 3029 850 Gre-

367 876 545 958 gorii·
566 877 677 943 IX.
726 877 795 942 in
837 880 966 944 fine
1002 879 1373 964 cujuslibec
1402 880 1586 948 tituli
1604 879 1650 948 ⁸.
1729 881 2799 966 Undcmecessariorconsequitur,
2844 874 3029 949 1116111

370 975 854 1055 collectionem,
919 978 1041 1043 has
1100 979 1323 1062 Papae
1380 981 1744 1048 Innocentii
1798 982 1911 1047 IV.
1976 982 2338 1047 decretales
2399 985 2467 1047 et
2526 980 3029 1048 constitutiones

371 1073 848 1152 continentem
872 1076 1257 1158 Lugduni3
1280 1081 1374 1143 611
1388 1077 1579 1144 111116
1594 1082 1779 1199 661116
1819 1083 2014 1146 *ante
2011 1074 2238 1145 diem
2253 1082 2353 1145 19.
2405 1072 2806 1163 Septembris
2840 1078 3025 1147 1251
3099 1080 3108 1089 ’

369 1170 763 1237 adornatam
811 1194 957 1239 esse
1006 1174 1401 1243 debuisses·
1500 1200 1551 1257 ι

548 1270 663 1336 ΠΙ.
712 1270 1042 1351 0011661110,
1093 1273 1196 1338 die
1244 1276 1304 1340 9.
1342 1206 1668 1358 Septemb
1710 1204 1881 1341 1253
1915 1204 2110 1342 edita.
2175 1274 2385 1367 Quum
2431 1295 2665 1358 nempe
2707 1274 2891 1359 Papa
2921 1275 3029 1339 In-

369 1370 692 1434 nocentius
723 1369 863 1435 IV.
893 1371 1328 1452 cognovisset,
1378 1393 1418 1436 a
1464 1364 1791 1437 nonnullis
1839 1372 2093 1455 aliquas
2138 1374 2311 1440 tales
2347 1368 2718 1438 decretales
2762 1376 2840 1438 et
2876 1393 3030 1437 con-

370 1464 748 1531 stitutiones
795 1484 959 1532 suas
982 1467 1351 1534 collectioni
1385 1454 1833 1553 Gregorianae
1878 1470 2097 1549 inseri,
2147 1491 2309 1553 quas
2355 1470 2466 1536 ille
2513 1469 2838 1535 communi
2886 1467 3031 1535 usui

369 1580 502 1628 non
549 1562 1019 1644 destinaverat,
1067 1565 1264 1633 immo
1311 1569 1420 1632 vel
1464 1564 1813 1634 nonnullas
1846 1569 2114 1647 omnino
2155 1569 2431 1652 spurias,
2478 1568 2631 1633 hinc
2675 1568 2815 1651 ipse
2858 1588 3029 1632 anno

375 1658 565 1726 1253
595 1662 881 1728 omnium
930 1662 1466 1732 constitutionum
1494 1671 1581 1732 ·et
1628 1665 2055 1735 decretalium
2092 1667 2535 1751 epistolarum,
2586 1687 2747 1748 quas
2791 1662 3031 1731 hucus-

373 1778 499 1842 que
532 1760 842 1827 'ediderat
887 1765 957 1827 e‘t
1011 1772 1174 1845 quas
1220 1764 1666 1830 communiter
1726 1764 2064 1830 observari
2127 1769 2195 1831 et
2252 1765 2404 1829 hinc
2454 1763 2820 1830 collectioni
2869 1758 3032 1829 (116ὲ

372 1856 687 1939 gorianae
733 1858 932 1924 inseri
977 1860 1220 1940 voluit,
1283 1863 1452 1928 voces
1500 1864 1783 1928 initiales
1830 1882 1976 1928 cum
2024 1861 2477 1945 designatione
2523 1861 3032 1946 competentium

372 1955 749 2035 titulorum,
800 1957 1031 2040 quibus
1077 1958 1230 2024 illae
1274 1959 1662 2057 inserendae
1710 1965 1966 2038 essent,
2024 1962 2142 2026 sub
2189 1961 2393 2025 bulla:
2455 1962 2565 2026 Ad
2614 1961 3035 2054 expediendos

374 2051 486 2134 (al.
543 2052 655 2118 Ad
717 2055 1182 2140 explicandos),
1248 2058 1305 2123 d.
1332 2042 1416 2123 d.
1466 2044 1735 2136 Α661611,
1797 2056 1878 2124 V.
1941 2030 2095 2123 Idus
2155 2058 2333 2142 Sept.
2396 2057 2585 2123 Pont.
2636 2079 2694 2123 a.
2746 2059 2805 2123 9.
2856 2055 2922 2137 (i.
2974 2077 3029 2122 e.

374 2153 435 2217 9.
491 2150 668 2236 Sept.
723 2153 994 2234 1253),
948 2150 975 2190 ⁴
1062 2155 1146 2219 ad
1191 2154 1598 2239 Philippum,
1662 2155 2145 2221 Bononiensem
2192 2154 2750 2233 archidiaconum,
2812 2159 3033 2220 trans-

348 2249 572 2329 ,misit,
622 2271 770 2317 cum
813 2203 1145 2333 mandatO,
1193 2257 1268 2320 ut
1314 2253 1418 2318 hic
1463 2253 1611 2319 illas
1645 2254 2010 2320 decretales
2057 2259 2124 2320 et
2161 2253 2664 2321 constitutiones
2694 2252 3033 2335 magistris

374 2351 443 2413 et
489 2347 892 2414 scholaribus
937 2349 1455 2416 Bononiensibus
1516 2357 1878 2436 exponeret
1938 2357 2006 2418 et
2061 2350 2427 2418 collectioni
2475 2350 2920 2434 Gregorianae
2965 2349 3036 2415 in

372 2444 585 2511 titulis
632 2447 716 2511 ad
762 2446 1054 2528 singulas
1101 2469 1327 2513 earum
1387 2448 1721 2515 adnotatis
1781 2449 1981 2514 inseri
2027 2454 2290 2516 curaret
2337 2454 2404 2516 et
2461 2449 2728 2533 insuper
2770 2447 3034 2517 nomine

377 2543 621 2609 Summi
668 2545 1002 2611 Pontificis
1047 2546 1443 2631 prohiberet,
1494 2547 1837 2629 quominus
1885 2547 2032 2631 quis
2076 2547 2241 2613 alias
2285 2552 2553 2633 praeter
2597 2546 2761 2614 istas
2809 2547 3033 2613 decre-

372 2641 543 2708 tales
589 2643 697 2708 vel
742 2643 1264 2723 constitutiones,
1315 2667 1355 2710 a
1398 2645 1584 2730 Papa
1627 2646 1991 2712 Innocentio
2038 2646 2155 2713 IV.
2213 2645 2354 2711 sive
2393 2646 2532 2730 jam
2587 2644 2798 2711 editas
2816 2694 2830 2721 ,
2893 2642 3034 2709 sive

375 2741 599 2806 adhuc.
648 2742 966 2820 edendas,
1029 2743 1275 2825 absque
1333 2744 1645 2810 mandato
1706 2744 1891 2809 Sedis
1937 2744 2358 2829 Apostolicae
2419 2743 2687 2828 speciali
2745 2742 3034 2808 inserere

376 2839 743 2906 collectioni
791 2840 1236 2923 Gregorianae
1283 2842 1557 2909 auderet
1584 2840 1629 2908 ⁵.
2239 2833 2242 2838 ¹
2741 2833 2742 2836 ¹

561 2982 576 3011 ¹
620 2981 876 3049 Saviqny,
917 2979 1244 3035 Geschichte
1283 2982 1378 3035 des
1414 2989 1547 3036 rom.
1585 2982 1792 3036 Rechts
1830 2985 1951 3047 etc„
1987 2984 2117 3036 tom.
2155 2982 2249 3036 III.
2288 2999 2339 3052 p.
2376 2983 2463 3036 40.

556 3060 576 3094 ²
614 3059 695 3114 De
733 3060 863 3114 clar.
902 3060 1240 3131 archigymn.
1279 3062 1483 3116 Bonon.
1522 3061 1937 3132 professoribus,
1974 3065 2014 3116 t.
2055 3062 2095 3116 Ι.
2134 3065 2275 3132 part.
2318 3063 2364 3116 l.
2403 3079 2454 3132 p.
2496 3062 2617 3117 345.
2654 3065 2765 3115 not.
2805 3062 2854 3116 3.

558 3140 579 3175 ³
617 3139 722 3205 Qui
759 3144 1057 3210 apparatus
1093 3141 1296 3211 prodiit
1330 3142 1474 3195 inter
1511 3145 1696 3196 cetera
1731 3142 1981 3196 Venetiis
2010 3143 2163 3206 1570,
2201 3142 2301 3196 6111)
2338 3141 2529 3197 titulo:
2575 3141 2905 3208 „Innocentii
2940 3142 3033 3195 IV·

375 3220 437 3274 P.
463 3220 539 3275 M.
577 3219 635 3272 in
660 3219 907 3289 Quinque
931 3221 1300 3276 Decretalium
1325 3221 1531 3287 Libros,
1570 3239 1670 3275 nec
1707 3240 1814 3275 non
1851 3221 1909 3275 in
1933 3222 2249 3276 Decretales
2286 3241 2383 3293 per
2409 3223 2639 3276 eundem
2664 3222 3036 3275 Innocentium

377 3300 582 3365 editas,
626 3318 765 3369 quae
801 3301 958 3354 modo
995 3305 1125 3355 sunt
1159 3301 1217 3355 in
1254 3301 1421 3355 Sexto
1457 3301 1827 3356 Decretalium
1863 3301 2000 3356 libro
2037 3302 2303 3367 insertae,
2357 3301 2845 3355 60111111111611116116.”ι
2926 3301 3035 3355 Gfr.

376 3395 547 3450 supra
579 3397 630 3450 p.
673 3381 790 3435 161.

555 3461 580 3495 ⁴
616 3462 871 3530 Potthasa
907 3461 1148 3528 Regesta
1185 3461 1400 3516 Pontiff.
1440 3413 1666 3527 Romm„
1706 3462 1814 3517 vol.
1855 3463 1922 3516 II.
1961 3481 2012 3533 p.
2055 3463 2210 3516 1245.
2250 3480 2301 3515 n.
2343 3462 2534 3516 15129.

557 3543 578 3577 ⁶
613 3541 765 3595 Haec
813 3541 990 3606 bulla,
1042 3541 1276 3612 primum
1312 3560 1345 3596 a
1382 3543 1534 3613 Papa
1571 3545 1854 3597 Benedicto
1892 3545 2048 3597 XIV.
2100 3541 2160 3595 in
2210 3541 2454 3597 archivio
2498 3540 2768 3596 Vaticano
2820 3542 3037 3596 detecta

383 3621 504 3690 (cfr.
561 3621 680 3692 ejus
735 3624 938 3675 const·
927 3664 938 3676 .
1003 3624 1134 3676 Jam
1184 3624 1301 3689 fere
1353 3631 1533 3676 sextus
1549 3664 1566 3692 ‚
1630 3623 1687 3676 in
1741 3623 1920 3677 fronte
1974 3622 2147 3693 ipsius
2200 3621 2433 3676 Bullarii
2488 3620 2782 3691 positam),
2847 3622 3036 3675 verbo-

375 3704 537 3756 tenus
588 3705 773 3766 sonat,
825 3705 890 3755 ut
939 3702 1213 3771 sequitur:
1272 3703 1388 3768 „Ad
1438 3702 1803 3772 expediendos
1858 3702 1951 3771 (al.
2004 3700 2377 3772 explicandos)
2433 3702 2602 3755 nodos
2652 3700 3036 3772 multiplicium

378 3781 771 3850 quaestionum,
810 3799 946 3851 quos
984 3783 1050 3836 de
1086 3782 1248 3835 rebus
1268 3782 1476 3852 jugiter
1502 3782 1905 3850 emergentibus
1940 3785 2127 3837 contra
2161 3782 2344 3836 varios
2369 3781 2593 3852 positivi
2612 3780 2753 3852 juris
2779 3781 3038 3836 articulos

376 3863 646 3916 humanae
682 3861 954 3930 indaginis
990 3861 1200 3916 inducit
1248 3862 1535 3916 infirmitas
1551 3905 1563 3928 ,
1616 3863 1873 3917 nonnulla
1922 3862 2257 3933 temporibus
2307 3862 2510 3916 nostris
2551 3879 2819 3916 novarum
2857 3863 3037 3916 decre·

378 3942 570 3996 talium
586 3984 600 4007 ,
652 3941 1102 3996 constitutionum
1119 3985 1131 4007 ,
1185 3942 1538 4012 epistolarum
1575 3942 1815 3997 remedia
1852 3946 2202 4007 emanarunt,
2257 3960 2396 4011 quae
2435 3943 2913 4012 praedecessorum
2948 3961 3039 3996 no-

378 4026 615 4077 strorum
651 4022 889 4077 strenuis
926 4026 1055 4077 sunt
1090 4022 1336 4093 subjecta
1385 4022 1664 4077 laboribus
1683 4066 1695 4088 ,
1747 4041 1843 4093 per
1895 4040 2031 4092 quas
2081 4022 2187 4076 fuit
2225 4023 2294 4076 ad
2332 4039 2671 4076 communem
2708 4022 2946 4075 omnium
2985 4026 3042 4077 et

377 4103 615 4157 maxime
651 4103 987 4158 studentium
1037 4102 1332 4157 utilitatem
1382 4101 1818 4170 vigilantissimis
1871 4102 2364 4170 excogitationibus
2416 4103 2754 4157 desudatum.
2830 4101 3039 4157 Verum

378 4184 524 4238 sicut
559 4184 882 4255 accepimuS,
922 4183 1000 4238 eis
1038 4183 1513 4237 constitutionibus
1551 4182 1915 4238 decretalibus
1942 4184 2207 4252 quaedam
2234 4181 2374 4236 aliae
2412 4183 2512 4236 sub
2550 4185 2734 4236 nostro
2761 4182 3040 4237 confectae

376 4263 594 4318 nomine
632 4264 700 4317 ab
738 4264 1010 4333 aliquibus
1045 4263 1373 4329 inseruntur,
1413 4279 1550 4332 quas
1587 4266 1807 4317 nostrae
1834 4262 2237 4333 approbationis
2276 4280 2337 4316 eo
2375 4280 2482 4316 non
2519 4262 2775 4332 provexit
2811 4263 3040 4317 auctori-

377 4347 466 4398 tas
482 4387 495 4409 ,
546 4347 610 4398 ut
646 4362 768 4398 cum
805 4345 928 4399 aliis
945 4387 958 4409 ,
1011 4362 1147 4413 quas
1183 4343 1363 4397 locum
1399 4343 1599 4397 habere
1637 4343 1947 4397 censuimus
1965 4386 1978 4408 ,
2029 4343 2086 4396 in
2117 4343 2337 4415 judiciis
2376 4346 2431 4396 et
2474 4341 2532 4396 in
2568 4341 2769 4396 scholis
2809 4343 3043 4397 debeant

379 4424 586 4478 eisdem
616 4424 757 4495 juris
795 4424 1042 4478 articulis
1079 4423 1357 4477 contineri.
1432 4422 1514 4477 Ne
1566 4441 1696 4491 ergo
1747 4441 1845 4493 per
1882 4422 2319 4477 commixtionem
2356 4422 2520 4493 hujus
2558 4421 2824 4493 opinionis
2862 4422 3039 4494 cujus-

377 4503 516 4557 libet
548 4503 743 4562 umbra
776 4503 1012 4575 speciem
1049 4503 1300 4558 veritatis
1335 4520 1606 4574 usurpans
1643 4503 1857 4572 aliquos
1894 4502 1951 4556 in
1984 4502 2314 4557 confusionis
2353 4503 2589 4556 abducat
2625 4518 2878 4567 errorem,
2917 4520 3038 4556 con-

378 4582 726 4638 stitutionum
764 4583 1116 4638 decretalium
1153 4586 1209 4637 et
1246 4582 1614 4653 epistolarum,
1653 4600 1791 4651 quas
1826 4586 2069 4654 tempore
2095 4582 2252 4636 Pont.
2288 4600 2341 4636 n.
2382 4582 2663 4646 edidimus,
2703 4599 2948 4651 quasque
2984 4582 3043 4637 in

379 4680 602 4734 corpore
633 4663 774 4733 juris
813 4663 1094 4733 [intelligit
1132 4662 1507 4717 collectionem
1544 4662 1729 4732 Papae
1768 4662 2018 4730 Gregorii
2055 4659 2170 4731 IX.]
2224 4662 2487 4716 contineri
2525 4661 2865 4716 decrevimus
2882 4705 2895 4727 ,
2940 4662 3043 4717 tibi

379 4743 810 4814 competentibus
835 4745 1146 4813 assignatas
1170 4743 1350 4798 titulis
1387 4743 1641 4798 duximus
1677 4743 2145 4808 transmittendae,
2186 4741 2498 4796 discretioni
2523 4760 2576 4795 v.
2604 4760 2706 4812 per
2743 4741 3043 4813 apostolica

378 4824 585 4895 scripta
621 4825 957 4891 mandamus,
996 4826 1264 4894 quatenus
1302 4840 1366 4877 ea
1401 4823 1684 4890 magistris
1722 4827 1779 4878 et
1815 4822 2116 4877 scolaribus
2143 4822 2434 4891 diligenter
2471 4838 2747 4893 exponens
2785 4840 2856 4875 ex
2886 4826 3044 4894 parte
