3355 5328
1347 366 1524 436 Caput
1561 365 1653 419 VI.
1706 365 1739 432 ἓ
1776 366 1862 418 44.
2876 368 2945 422 69

283 529 715 595 decretalium
765 529 1177 595 Summorum
1223 529 1612 595 Pontificum
1660 531 2008 595 accuratas
2063 528 2383 594 editiones
2443 527 2731 593 adfuisse
2749 578 2763 606 ‚
2824 544 2944 593 nec

280 627 482 693 etiam
531 648 755 692 omnes
795 626 962 710 juris
1009 626 1304 692 canonici
1335 627 1772 704 collectioneS‚
1824 626 2055 708 quibus
2103 626 2455 691 Gratianus
2501 647 2656 690 usus
2703 625 2941 703 fuerat,

280 729 441 790 tunc
487 724 804 808 temporis
864 729 1060 790 notas
1106 724 1311 789 fuisse
1338 723 1392 802 1;
1455 725 1652 789 11111110
1700 724 2020 806 hodieque
2065 727 2216 807 post
2261 728 2400 789 tam
2445 724 2797 789 multorum
2842 723 2943 787 vi-

278 844 505 888 rorum
567 822 971 888 eruditorum
1031 843 1223 887 curas
1286 822 1567 906 plurima
1629 823 1698 887 in
1743 823 2027 887 Decreto
2094 821 2413 887 contineri
2477 823 2679 887 effata
2700 871 2714 898 ‚
2783 843 2941 903 quo-

281 943 428 986 rum
478 924 782 986 auctores
830 921 1270 986 demonstrari
1316 924 1649 1003 nequeunt
1666 918 1710 986 ².
2543 970 2546 971 ν

457 1021 756 1103 Leyalem
800 1023 1026 1085 tamen
1071 1018 1386 1096 valorem,
1435 1019 1636 1084 talem
1686 1018 2011 1095 videlicet,
2069 1020 2143 1082 ut
2189 1017 2272 1082 ab
2319 1017 2413 1082 eis
2460 1018 2765 1082 recedere
2811 1039 2941 1082 non

274 1117 493 1195 liceat,
543 1117 676 1196 illa,
725 1137 891 1199 quae
926 1117 1082 1182 dicti
1107 1116 1525 1182 Correctores
1557 1117 1624 1180 in
1657 1115 2114 1181 emendatione
2146 1114 2411 1180 Decreti
2441 1115 2937 1199 praestiterunt,

276 1236 694 1297 nequaquam
738 1215 1005 1292 habent,
1054 1215 1169 1280 sed
1215 1215 1672 1280 tantummodo
1722 1216 2151 1296 doctrinalem,
2201 1213 2312 1295 qui
2340 1212 2648 1279 videlicet
2680 1213 2938 1278 omnino

271 1314 519 1397 pendet
564 1335 605 1377 a
649 1313 1031 1390 rationibus,
1082 1312 1314 1394 quibus
1361 1313 1506 1396 ipsa
1552 1314 2011 1395 superstructa
2056 1313 2210 1376 sunt
2227 1309 2271 1376 ³.

1022 1551 1642 1622 ARTICULUS
1703 1550 2198 1625 TERTIUS.

318 1718 472 1790 Inde
521 1719 601 1790 ab
648 1718 932 1790 editione
979 1718 1241 1790 Decreti
1287 1717 1582 1892 Gragiani
1628 1717 1912 1789 Romana
1958 1715 2341 1788 authentica
2386 1734 2443 1787 a.
2489 1716 2645 1787 1582
2689 1736 2893 1807 usque

1375 1840 1414 1893 a
1500 1839 1830 1911 praesens.

458 2003 497 2089 ξ
545 2001 656 2070 44.
750 2003 968 2071 Editio
1016 2004 1285 2072 Decreti
1333 2004 1638 2072 Gratiani
1685 2004 1981 2072 Romana
2030 2005 2413 2073 authentica
2458 2025 2517 2073 a.
2566 2003 2740 2072 1582.

456 2165 666 2242 Quum
724 2165 1058 2247 negotium
1117 2165 1589 2230 emendationis
1650 2164 1914 2231 Decreti
1975 2166 2267 2249 pluribus
2328 2165 2579 2229 vicibus
2606 2215 2620 2243 ‚
2691 2166 2933 2249 partim

277 2264 530 2330 Summi
561 2264 915 2340 PontificiS‚
964 2264 1207 2346 partim
1255 2263 1619 2347 aliquorum
1668 2285 1704 2328 e
1737 2263 2226 2328 Correctoribus
2273 2263 2455 2328 obitu
2502 2262 2772 2345 aliisque
2820 2265 2933 2329 ob-

281 2362 556 2427 staculis
602 2361 1041 2445 interruptum
1099 2361 1333 2426 fuisset
1350 2359 1396 2441 ⁴,
1458 2361 1671 2445 ipsum
1719 2361 1986 2427 tandem
2046 2382 2216 2426 anno
2270 2363 2439 2426 1580
2486 2359 2626 2425 fere
2672 2362 2931 2426 absolu-

462 2511 480 2542 1
522 2509 630 2563 Cfr.
669 2511 966 2578 Friedbery
1001 2510 1057 2563 in
1094 2510 1210 2564 citt.
1248 2511 1493 2580 prolegg.
1533 2510 1632 2564 001.
1671 2509 1965 2564 LXXXIX.
2005 2527 2087 2578 sq.

457 2590 478 2624 ²
513 2591 762 2659 Richter,
818 2591 898 2644 De
916 2591 1371 2644 emendatoribus
1410 2590 1687 2655 Gratiani,
1739 2608 1790 2660 p.
1830 2591 1915 2644 21.
1956 2607 2037 2659 sq.
2111 2592 2406 2657 Friedbery
2442 2589 2499 2643 in
2535 2590 2649 2644 citt.
2687 2582 2929 2659 prolegg.

270 2671 373 2725 col.
416 2670 552 2723 XLI.
626 2671 827 2725 Durius
865 2689 1028 2739 quam
1060 2671 1264 2742 justius
1303 2672 1368 2725 de
1405 2671 1489 2737 iis,
1528 2689 1667 2740 quae
1707 2672 1837 2725 dicti
1876 2670 2216 2725 correctores
2252 2671 2656 2741 praestiterunt,
2689 2671 2932 2742 judicare

272 2750 610 2817 dignoscitur
648 2752 860 2804 Schulte
873 2793 888 2820 ,
939 2751 1038 2804 Die
1079 2751 1272 2805 Glosse
1318 2769 1438 2804 zum
1489 2751 1689 2805 Decret
1736 2751 1993 2806 Gratians
2010 2793 2023 2814 ,
2075 2751 2131 2804 in
2178 2751 2269 2805 cit.
2321 2751 2529 2821 scriptt.
2584 2751 2927 2814 memorabb.‚

270 2834 403 2884 tom.
444 2830 588 2884 XXI.
627 2834 766 2901 part.
806 2831 855 2885 2.
894 2850 946 2901 p.
986 2833 1102 2895 94.;
1142 2834 1304 2900 Idem,
1343 2832 1442 2885 Die
1481 2831 1807 2886 Geschichte
1845 2832 1939 2885 der
1978 2831 2221 2895 Quellen‚
2258 2835 2386 2885 tom.
2426 2832 2466 2885 Ι.
2506 2850 2556 2901 11.
2598 2832 2681 2885 78.
2722 2849 2802 2899 sq.
2917 2858 2928 2901 ;

464 2912 486 2947 3
523 2914 743 2980 Doujat,
780 2911 1057 2965 Praenott.
1099 2929 1338 2975 canonn.‚
1377 2911 1470 2965 lib.
1510 2912 1604 2966 IV.
1644 2929 1759 2981 cap.
1793 2912 1873 2965 13.
1913 2930 1965 2964 n.
2006 2912 2054 2965 3.
2102 2911 2205 2979 (ed.
2246 2911 2439 2965 Venet.
2472 2911 2630 2974 1717,
2669 2930 2719 2980 p.
2770 2908 2928 2978 399.)

268 2992 426 3061 Papa
450 2993 767 3045 Benedictus
790 2994 963 3061 XIV„
1001 2992 1081 3045 De
1119 3009 1261 3045 serv.
1287 2992 1389 3045 Dei
1423 2992 1608 3045 beatis.
1648 2995 1704 3045 et
1740 2992 1881 3045 beat.
1910 2992 2165 3056 canoniz„
2203 2991 2295 3045 lib.
2323 2990 2416 3045 IV.
2454 2994 2594 3060 part.
2619 2992 2671 3044 2.
2699 3008 2814 3060 cap.
2847 2991 2929 3044 17.

266 3090 321 3125 11.
365 3072 450 3127 10.
495 3072 655 3142 (Opp.
693 3073 776 3126 ed.
815 3072 1007 3126 Venet.
1052 3073 1204 3137 1767,
1241 3075 1369 3126 tom.
1408 3073 1501 3138 IV.
1540 3090 1590 3142 p.
1632 3072 1799 3139 365),
1839 3072 1931 3139 qui
1970 3071 2400 3125 commemoratis
2437 3071 2636 3125 litteris
2672 3070 2930 3124 brevibus

268 3152 456 3221 Papae
478 3149 731 3219 Greyorii
748 3154 910 3206 XIII.
925 3172 943 3205 .·
973 3154 1148 3218 Quum
1162 3169 1273 3221 pro
1291 3170 1510 3206 munere
1523 3154 1816 3221 pastorali,
1838 3153 1887 3205 d.
1910 3152 1960 3205 d.
1985 3153 2030 3205 1.
2054 3151 2188 3205 Julii
2207 3152 2360 3214 1580,
2381 3155 2464 3205 et:
2491 3154 2928 3204 Emendationem

267 3234 644 3301 Decretorum,
698 3233 746 3286 d.
787 3233 836 3285 d.
875 3233 926 3285 2.
966 3232 1114 3286 Junii
1156 3232 1325 3296 1582,
1363 3232 1584 3285 editioni
1621 3231 1839 3285 Decreti
1875 3231 2150 3285 Romanae
2188 3249 2235 3285 a.
2279 3232 2416 3286 1582
2455 3249 2486 3285 a
2526 3230 2928 3284 Correctoribus

266 3312 530 3365 Romanis
567 3317 807 3382 paratae·
826 3312 1099 3382 praefixis,
1136 3330 1436 3382 provocans
1475 3312 1639 3366 etiam
1677 3313 1747 3366 ad
1771 3314 2173 3365 Emmanuelem
2201 3313 2532 3380 Schelstrate,
2569 3310 2928 3365 bibliothecae

266 3393 572 3446 Vaticanae
596 3393 932 3463 praefectum
963 3394 1016 3461 (†
1041 3392 1224 3461 1692),
1252 3396 1416 3461 atque
1454 3393 1523 3446 ad
1550 3392 1893 3446 Cardinalem
1917 3394 2205 3450 Robertum
2229 3393 2622 3445 Bellarminum
2661 3391 2715 3458 (†
2746 3389 2927 3457 1621),

266 3491 371 3526 1100
409 3491 516 3526 11011
553 3474 620 3527 ad
661 3475 809 3527 Petri
846 3477 902 3527 et
938 3475 1227 3527 Francisci
1262 3474 1494 3526 fratrum
1533 3474 1875 3526 Pithoeorum
1913 3472 2223 3537 conamina,
2262 3472 2552 3525 Decretum
2591 3470 2925 3535 emendandi,

265 3571 414 3607 3000.
442 3553 614 3607 XVII.
652 3557 922 3624 suscepta,
961 3553 1063 3607 hoc
1093 3556 1346 3623 respectu
1383 3553 1476 3617 ait,
1513 3556 1577 3607 ut
1601 3552 1870 3621 sequitur:
1917 3552 2230 3618 „Praefixae
2268 3551 2499 3619 denique
2534 3553 2663 3620 sunt
2698 3550 2927 3604 Dec-reto

267 3633 521 3688 Gratiani
559 3634 841 3688 emendato
878 3633 1222 3703 Apostolicae
1259 3634 1475 3687 litterae
1514 3632 1769 3724 Gregorii
1800 3632 1945 3686 XIII.
1968 3674 1981 3697 ,
2034 3632 2228 3701 quibus
2264 3634 2537 3695 testatur,
2587 3617 2754 3683 libros
2786 3629 2926 3700 juris

265 3714 514 3768 canonici
553 3713 607 3782 [i.
647 3731 693 3767 e.
732 3731 852 3779 eos,
906 3713 999 3782 qui
1036 3713 1373 3767 constituunt
1411 3712 1617 3782 Corpus
1662 3712 1803 3783 juris
1841 3711 2133 3780 canoniciJ,
2185 3715 2241 3765 et
2276 3712 2395 3765 ideo
2434 3710 2599 3765 etiam
2634 3710 2925 3764 Decretum

267 3795 544 3858 Gratiani,
595 3794 766 3848 fuisse
803 3812 900 3848 suo
937 3794 1192 3847 mandato
1228 3793 1536 3860 recognitos
1552 3834 1565 3857 ‚
1605 3796 1875 3846 correctos
1913 3794 1969 3846 et
2005 3795 2353 3862 expurgatoS‚
2390 3809 2489 3845 1100
2526 3779 2822 3859 quidquam
2858 3791 2925 3845 113

265 3876 576 3928 011ᾶο111111111
593 3916 606 3939 ,
659 3874 1050 3928 detrahendum
1090 3874 1155 3927 de
1192 3873 1260 3927 iis
1277 3915 1290 3938 ‚
1341 3873 1398 3926 in
1447 3872 1586 3927 iisve
1624 3873 2062 3926 commutandum
2112 3874 2208 3926 aut
2243 3872 2621 3925 invertendum
2636 3912 2649 3935 ‚
2701 3871 2926 3925 sancitis

265 3955 459 4024 poenis
511 3955 777 4008 adversus
829 3971 922 4007 eos
938 3996 951 4019 ‚
1004 3954 1097 4022 qui
1147 3971 1253 4007 non
1290 3955 1558 4023 parerent.
1633 3952 1894 4007 Attamen
1944 3970 2067 4006 cum
2116 3952 2202 4005 his
2253 3951 2471 4005 minime
2522 3951 2925 4017 refragantibus

266 4035 415 4089 docti
453 4034 560 4087 viri
596 4034 769 4087 multa
805 4034 982 4088 adhuc
1018 4037 1144 4103 post
1170 4033 1558 4100 Gregorianam
1597 4033 1984 4087 correctionem
2009 4033 2343 4086 emendanda
2380 4034 2636 4085 censeant
2672 4031 2728 4083 in
2765 4049 2925 4101 opere

266 4114 535 4178 Gratiani,
573 4113 657 4168 uti
680 4114 852 4168 videri
877 4116 1059 4183 potest
1083 4114 1226 4183 apud
1252 4115 1572 4181 Doujatium
1609 4113 1664 4165 in
1689 4113 1966 4167 Praenott.
2007 4130 2230 4166 canonn.
2256 4112 2349 4166 lib.
2376 4112 2469 4166 IV.
2509 4128 2625 4180 cap.
2656 4111 2736 4164 13.
2776 4129 2828 4165 n.
2857 4112 2925 4176 3.,

263 4196 413 4264 0111111
451 4196 808 4248 Schelstraten
844 4194 901 4247 in
937 4193 1280 4261 Antiquitate
1316 4193 1608 4258 illustrata,
1653 4193 1868 4247 dissert.
1906 4192 1957 4246 2.
1996 4210 2112 4262 cap.
2155 4192 2237 4246 13.
2277 4210 2328 4245 n.
2368 4191 2488 4246 238.
2507 4233 2520 4256 ,
2558 4191 2702 4259 0111111
2741 4190 2922 4245 Cardi-

261 4275 448 4329 nalem
484 4276 878 4328 Bellarminum
929 4273 995 4327 de
1033 4272 1287 4343 Scriptor.
1325 4273 1643 4327 Ecclesiast.
1660 4315 1673 4338 ,
1720 4291 1789 4327 ne
1841 4272 1969 4341 quid
2021 4272 2197 4327 dicam
2243 4273 2309 4326 de
2360 4271 2620 4325 fratribus
2673 4272 2921 4339 Pithoeis‚

263 4356 373 4424 qui‘
399 4355 719 4408 universum
755 4370 890 4424 opus
928 4353 1344 4421 diligentissime
1394 4354 1463 4407 ad
1499 4352 1646 4423 ipsos
1685 4370 1858 4421 usque
1895 4353 2077 4423 apices
2127 4352 2496 4422 expendentes
2550 4350 2767 4417 singula
2804 4351 2923 4404 1000

260 4437 716 4502 recognoverunt,
754 4437 810 4487 et
845 4433 1184 4503 primigeniis
1222 4433 1532 4488 auctoribus
1567 4433 1857 4487 restituere
1896 4433 2074 4487 conati
2110 4434 2265 4487 sunt:
2317 4431 2517 4501 poterit
2550 4430 2923 4499 unusquisque

260 4515 417 4570 facili
454 4513 672 4581 negotio
710 4513 1135 4583 deprehendere,
1183 4514 1570 4583 praecedentes
1621 4513 1799 4583 operis
1837 4512 2195 4567 correctiones
2210 4554 2223 4577 ‚
2275 4511 2549 4582 pontificia
2598 4511 2923 4566 auctoritate

260 4596 506 4650 vallatas
524 4637 537 4660 ‚
572 4594 695 4664 jure
732 4611 829 4647 suo
866 4611 974 4647 non
1010 4594 1272 4647 obsistere
1309 4593 1555 4647 ulteriori
1592 4593 1808 4647 Decreti
1848 4593 2180 4657 correctioni,
2218 4592 2461 4663 ejusdem
2497 4590 2727 4645 Sanctae
2766 4590 2921 4645 Sedis

253 4675 465 4747 judicio
505 4674 684 4728 debito
721 4690 843 4727 cum
880 4673 1137 4741 obsequio
1174 4674 1621 4728 submittendae.“
1674 4672 1848 4738 Quam
1885 4673 2211 4727 sententiam
2248 4673 2400 4742 Papa
2423 4673 2740 4725 Benedictus
2763 4674 2918 4726 XIV.

257 4771 611 4824 nequaquam
657 4754 897 4823 proferre
934 4752 1202 4823 potuisset
1216 4795 1231 4817 ‚
1285 4752 1334 4807 si
1372 4752 1838 4807 emendationibus
1876 4752 2252 4807 correctorum
2286 4752 2648 4807 Romanorum
2683 4752 2920 4819 legalem

259 4835 650 4891 auctoritatem
686 4833 864 4887 inesse
901 4832 1226 4903 putavisset.
1499 4833 1524 4867 ⁴
1558 4835 1780 4886 Richter
1815 4833 1869 4886 l.'
1892 4850 1937 4886 0.
1975 4850 2027 4902 p.
2065 4832 2151 4886 43.
2191 4848 2311 4902 sqq.
