3355 5328
1185 1156 1565 1294 PARS
1658 1157 2164 1293 PRIMA.

862 1434 1660 1537 nnonn'run
1739 1433 2494 1538 GRATIANI.

1283 1808 1603 1896 CAPUT
1656 1807 2069 1898 PRIMUM.

346 1984 521 2080 Ejus
592 1988 883 2059 materia
957 1996 1025 2060 et
1091 2012 1425 2086 praesens
1497 1989 1749 2062 divisio
1821 1998 2030 2087 atque
2090 1990 2433 2063 nonnulla
2466 1986 2489 2028 ¹
2569 1991 2655 2064 de
2728 1992 2997 2065 ratione

517 2108 745 2203 ipsum
803 2108 1082 2203 citandi,
1140 2117 1286 2182 tum
1346 2136 1445 2207 ea,
1508 2136 1688 2208 quae
1743 2137 1930 2185 nunc
1983 2113 2412 2203 observatur,
2474 2119 2621 2184 tum
2677 2111 2821 2207 illa,

1037 2255 1217 2327 quae
1274 2231 1438 2304 olim
1497 2234 1853 2306 observari
1909 2233 2290 2307 consuevit.

346 2429 386 2516 ξ
436 2428 496 2497 6.
567 2433 833 2500 Decrcti
880 2434 1182 2503 Gratiani
1227 2439 1510 2505 materia
1556 2439 1624 2504 ct
1668 2456 1985 2525 praesens
2033 2436 2268 2503 divisio
2314 2438 2512 2522 atque
2557 2438 2872 2505 nonnulla
2919 2438 3000 2506 de

781 2543 1040 2610 ratione
1086 2545 1296 2630 ipsum
1344 2543 1614 2626 citandi,
1661 2563 1829 2629 quae
1875 2564 1919 2611 n
1939 2563 2094 2612 unc
2139 2544 2550 2611 observatur.

522 2713 877 2779 Decretum
925 2713 1243 2792 Gratiani,
1294 2713 1466 2796 quod
1511 2713 1578 2778 in
1611 2713 1894 2797 Corpore
1934 2712 2101 2795 juris
2133 2713 2427 2778 canonici
2458 2713 2740 2797 primum
2783 2715 2998 2781 locum

345 2810 633 2891 obtinet,
700 2812 978 2877 divisum
1036 2816 1138 2878 est
1196 2812 1265 2877 in
1325 2821 1449 2877 tres
1483 2820 1729 2898 partes,
1822 2812 2070 2876 Earum
2116 2814 2341 2897 prima
2387 2811 2615 2879 statim
2662 2814 2764 2884 ab„
2790 2813 2996 2893 initio,

346 2910 431 2974 ad
489 2909 704 2975 instar
761 2909 1076 2994 prooemii
1136 2911 1341 2976 totius
1389 2910 1603 2993 operis
1622 2959 1636 2988 ,
1701 2909 1968 2975 exhibet
2013 2909 2346 2975 notionem
2364 2959 2378 2988 ‚
2444 2910 2696 2995 species
2755 2915 2824 2977 et
2871 2911 3000 2977 ori-

347 3007 571 3089 ginem
625 3008 793 3090 juris
852 3009 1220 3091 generatim
1238 3059 1252 3088 ,
1314 3012 1384 3074 et
1436 3007 1603 3091 juris
1650 3007 1944 3073 canonici
1999 3029 2117 3073 seu
2158 3007 2580 3073 ecclesiastici
2640 3009 3000 3092 speciatim,

345 3108 414 3170 et
462 3104 693 3171 deinde
740 3109 990 3172 tractat
1050 3106 1129 3171 de
1175 3109 1454 3198 clericis,
1517 3110 1586 3171 et
1632 3105 1893 3188 quidem
1941 3106 2020 3170 de
2068 3125 2292 3170 eorum
2340 3104 2570 3171 officiis
2618 3109 2687 3171 et
2743 3106 2998 3189 juribus

344 3206 414 3267 et
476 3203 556 3267 de
615 3203 903 3287 ipsorum
970 3203 1379 3269 ordinatione
1440 3225 1517 3269 ac
1574 3204 1653 3268 de
1719 3204 1909 3287 hujus
1969 3202 2300 3285 requisitis
2366 3207 2434 3268 et
2496 3203 2996 3287 impedimentis,

343 3301 445 3366 De
493 3300 724 3383 quibus
769 3302 1062 3367 materiis
1108 3302 1198 3368 ibi
1242 3302 1339 3367 ita
1384 3304 1734 3380 tractatur,
1783 3304 1859 3366 ut
1904 3305 2133 3367 auctor
2178 3302 2370 3384 hujus
2416 3301 2633 3384 operis
2677 3323 2831 3367 suas
2863 3303 2997 3387 opi-

345 3397 575 3463 niones
623 3400 702 3464 de
748 3399 876 3465 illis
929 3400 1223 3465 materiis
1269 3403 1595 3483 proponat
1655 3420 1897 3481 easque
1956 3398 2158 3464 variis
2205 3398 2610 3480 argumentis
2628 3449 2643 3478 ,
2702 3399 2844 3465 sive
2898 3400 2998 3465 in-

344 3495 573 3575 terniS,
621 3497 663 3563 i.
714 3519 768 3563 e.
803 3519 889 3562 ex
919 3497 1064 3581 ipsa
1093 3498 1190 3563 rei
1234 3502 1474 3563 natura
1520 3518 1636 3563 seu
1667 3517 1705 3561 e
1734 3496 1991 3562 ratione
2021 3496 2268 3580 petitiS,
2316 3495 2456 3561 sive
2503 3496 2815 3576 externiS,
2863 3497 2904 3564 i.
2939 3519 2994 3564 e.

346 3594 564 3660 effatis
597 3595 891 3674 aliorum,
924 3595 1059 3660 vim
1089 3596 1410 3680 probandi
1440 3594 1852 3673 habentibus,
1886 3616 2002 3660 seu
2035 3594 2555 3675 auctoritatibuS,
2590 3597 2930 3661 confirmet
2951 3592 2994 3662 ².

346 3691 580 3775 Neque
626 3696 850 3758 tamen
896 3692 986 3758 ibi
1033 3694 1112 3758 de
1173 3694 1276 3759 his
1322 3692 1617 3759 materiis
1679 3714 1935 3777 semper
1997 3692 2223 3758 ordine
2284 3692 2514 3758 stricte
2571 3693 2997 3777 systematico

346 3794 679 3856 tractatur
695 3841 709 3869 ,
771 3792 887 3857 sed
932 3791 1261 3857 interdum
1319 3791 1535 3857 subito
1597 3792 1680 3856 ab
1740 3812 1871 3855 una
1930 3790 2209 3857 materia
2267 3791 2352 3855 ad
2411 3790 2609 3856 aliam
2656 3790 2995 3870 transitur,

348 3893 547 3970 atque
592 3889 769 3954 haud
813 3911 964 3955 raro
1013 3890 1093 3955 de
1138 3912 1269 3955 una
1314 3890 1672 3971 eademque
1719 3887 1998 3954 materia
2027 3888 2094 3952 in
2140 3888 2434 3972 pluribus
2479 3888 2659 3967 locis,
2708 3910 2749 3954 a
2795 3910 2866 3954 se
2897 3889 2997 3954 in-

346 3986 561 4052 vicem
607 3990 714 4052 sat
758 3988 953 4070 longe
1001 3987 1266 4066 dissitis,
1315 4008 1530 4052 sermo
1576 3986 1961 4052 instituitur.

529 4084 874 4150 Subdivisa
933 4089 1037 4151 est
1096 4107 1249 4169 pars
1308 4085 1520 4170 prima
1564 4083 1831 4149 Decreti
1880 4083 2179 4149 Gratiani
2238 4084 2306 4148 in
2357 4087 2477 4149 101
2545 4086 2994 4170 distinctioneS,

347 4202 626 4264 quarum
673 4182 968 4264 singulae
1014 4204 1209 4266 porro
1269 4181 1640 4248 subdivisae
1688 4185 1842 4247 sunt
1887 4180 1955 4245 in
2014 4203 2301 4247 canones,
2394 4181 2862 4247 Distinctiones
2907 4185 2996 4247 vi-

343 4282 511 4365 qinti
556 4279 808 4363 priores
853 4280 1228 4365 praefatum
1267 4280 1690 4364 prooemium,
1738 4279 2029 4360 reliquae
2074 4278 2287 4362 ipsum
2332 4282 2694 4345 tractatum
2740 4280 2819 4344 de
2866 4280 2997 4345 cle—

345 4377 502 4442 ricis
536 4379 1074 4461 complectuntur.

527 4474 785 4541 Citatur
812 4476 975 4541 haec
1005 4498 1160 4560 pars
1189 4474 1457 4542 Decreti
1488 4474 1786 4541 Gratiani
1830 4475 2174 4540 indicando
2206 4497 2504 4540 canonem
2551 4476 2619 4539 et
2651 4476 2996 4541 distinctio-

342 4597 508 4640 nem.
579 4574 670 4639 Et
715 4597 919 4640 canon
966 4574 1225 4656 quidem
1269 4573 1593 4639 indicatur
1637 4593 1779 4639 voc.
1830 4595 1970 4638 can.
2018 4572 2128 4637 vel
2172 4572 2268 4638 lit.
2318 4593 2372 4638 c.
2436 4575 2635 4654 atque
2694 4593 2815 4638 sua
2858 4596 2998 4639 voce

529 4739 549 4773 ¹
587 4738 819 4807 Reliqua
856 4737 963 4792 huc
999 4678 1304 4809 spgctantia
1341 4737 1684 4792 adducuntur
1719 4736 1862 4791 infra
1900 4754 2016 4808 cap.
2055 4738 2122 4791 ΙΙ,
2162 4737 2195 4804 ἓ
2236 4738 2318 4791 10.

529 4817 549 4850 ²
590 4817 698 4871 cfr.
737 4817 952 4872 initium
989 4817 1153 4888 hujus
1190 4818 1383 4888 operis,
1420 4817 1545 4871 inde
1583 4835 1616 4871 a
1653 4816 1908 4871 vocibus:
1949 4819 2300 4886 „Humanum
2332 4815 2531 4885 yenus“
2571 4821 2673 4871 etc.
