3355 5328
350 314 457 370 260
948 316 1253 386 Appendix.
1326 317 1659 372 Introductio
1697 319 1754 372 in
1792 320 1948 390 Corp.
1981 320 2088 390 jur.
2128 320 2232 374 civ.
2271 340 2403 375 rom.

1208 535 1529 622 CAPUT
1585 535 2137 624 SECUNDUM.

506 715 810 788 Mutua
864 717 1194 789 relatio
1251 717 1490 791 inter
1534 719 1677 814 jus
1730 719 2014 793 civile
2069 744 2521 793 romanum
2577 729 2658 794 et
2704 720 2854 817 jus

1409 840 1953 913 canonicum.

561 1026 623 1113 ’ξ
671 1025 761 1093 19.
852 1027 977 1094 Jus
1027 1026 1218 1095 civile
1263 1046 1602 1095 romanum
1641 1029 1798 1115 jure
1848 1027 2156 1095 canonico
2203 1028 2616 1096 emendatum
2663 1030 2784 1095 est.

527 1196 844 1275 Ecclesia,
896 1217 1093 1280 quum
1138 1197 1206 1262 in
1236 1197 1519 1280 Imperio
1567 1219 1838 1263 romano
1887 1198 2174 1264 existere
2222 1202 2290 1263 et
2331 1218 2452 1262 sua
2482 1196 2793 1262 missione
2824 1197 3013 1280 fungi

350 1295 692 1378 coepisset,
744 1294 889 1360 odio
939 1299 1007 1361 et
1052 1295 1616 1379 persecutionibus
1664 1297 2096 1379 undequaque
2141 1296 2464 1380 impetita,
2509 1296 2618 1379 jus
2665 1295 2857 1361 civile
2903 1317 3014 1361 ro-

348 1414 645 1470 manum,
708 1393 863 1459 licet
907 1393 1032 1476 ipsi
1081 1394 1314 1458 durum
1362 1397 1430 1459 et
1489 1394 1782 1476 iniquum
1830 1397 2039 1473 esset,
2098 1397 2323 1459 tamen
2371 1394 2771 1471 observavit,
2823 1394 3012 1459 dum-

347 1491 539 1556 modo
600 1491 813 1574 ipsum
872 1514 1004 1557 non
1065 1492 1533 1557 adversaretur
1584 1491 1717 1575 juri
1780 1491 2033 1570 divin03
2098 1492 2200 1557 cui
2262 1513 2458 1575 quum
2521 1493 3011 1570 adversaretur,

347 1588 646 1654 Ecclesia
691 1611 1023 1671 nunquam
1082 1611 1214 1654 non
1258 1610 1509 1654 memor
1554 1593 1702 1654 erat
1747 1590 2071 1667 mandati,
2137 1612 2177 1655 a
2224 1590 2443 1655 divino
2492 1611 2609 1655 suo
2658 1590 3014 1656 fundatore

347 1686 389 1751 J
393 1707 507 1751 esu
567 1686 825 1753 Christo
886 1688 1139 1771 accepti
1185 1685 1450 1768 (Matth.
1503 1691 1621 1766 22,
1673 1689 1841 1770 21.)‚
1904 1709 2025 1753 nec
2083 1709 2216 1753 non
2261 1689 2730 1772 Apostolorum
2776 1687 3013 1755 moniti

348 1787 417 1849 et
464 1785 747 1868 exempli
794 1784 967 1865 (Act.
1020 1787 1080 1862 4,
1136 1787 1273 1862 19.;
1325 1787 1385 1864 5,
1436 1784 1591 1867 29.).

524 1893 884 1974 Postquam
931 1897 1153 1959 autem
1183 1894 1363 1958 Deus
1395 1893 1733 1958 Ecclesiae
1778 1893 1846 1957 in
1877 1894 2160 1977 Imperio
2207 1916 2480 1959 romano
2511 1894 2805 1960 feliciora
2853 1893 3011 1958 oriri

347 1989 599 2056 fecerat
643 1995 944 2075 tempora
991 1996 1059 2057 et
1106 1991 1462 2074 adimplere
1510 1996 1818 2075 coeperat
1863 1991 2378 2075 promissionem,
2430 1992 2639 2057 eidem
2676 1994 2797 2057 sub
2845 1992 3012 2056 ima-

346 2087 605 2170 ginibus
652 2089 841 2170 grani
888 2089 1135 2172 sinapis
1183 2093 1383 2172 atque
1428 2089 1764 2168 fermenti,
1829 2090 2070 2155 sensim
2116 2090 2493 2155 universam
2538 2112 2826 2156 massam
2873 2090 3011 2154 fer-

345 2187 704 2252 mentaturi
729 2186 992 2267 (Matth.
1026 2190 1127 2265 13,
1163 2190 1268 2254 31.
1305 2187 1481 2270 33.)¹
1517 2188 1802 2254 factam:
1843 2191 2001 2253 tunc
2020 2188 2318 2253 Ecclesia
2348 2189 2629 2271 primum
2659 2188 2792 2265 illa,
2839 2209 3011 2270 quae

346 2286 431 2350 ad
467 2307 703 2350 munus
737 2285 1167 2350 conservandi
1216 2289 1284 2350 et
1314 2286 1724 2369 propagandi
1770 2286 2155 2367 religionem
2189 2287 2350 2352 Jesu
2383 2286 2643 2364 Christi,
2695 2286 3011 2351 divinitus

345 2383 466 2448 sibi
515 2384 978 2449 demandatum
1012 2380 1276 2463 (Matth.
1317 2385 1422 2461 28,
1462 2385 1802 2459 18.-2Ο.;
1850 2384 2041 2449 Joan.
2080 2386 2184 2462 20,
2236 2384 2593 2467 21.—23.),
2642 2385 3001 2468 pertinent,

346 2503 543 2563 quum
567 2482 785 2562 Reges
819 2486 886 2547 et
908 2482 1351 2564 Imperatores
1383 2482 1636 2546 romani
1669 2482 1824 2546 olim
1857 2482 2058 2547 etiam
2091 2485 2416 2567 reliyionis
2441 2482 2709 2564 negotia
2742 2483 3006 2547 omnino

344 2579 467 2644 sibi
514 2579 809 2663 subjecta
853 2579 1236 2644 habuissent
1283 2582 1352 2644 et
1396 2579 1520 2644 hac
1557 2579 1814 2644 ratione
1862 2579 2063 2644 etiam
2109 2579 2408 2645 titulum:
2457 2581 2758 2663 Pontifex
2790 2582 3008 2645 Maxi-

343 2701 486 2743 mus
531 2678 892 2760 gessissent
918 2677 960 2756 ²,
1009 2699 1167 2744 suae
1215 2679 1416 2743 solius
1462 2679 1782 2762 potestati
1827 2678 2207 2756 vindicavit,
2258 2683 2456 2760 atque
2505 2680 3011 2746 constitutiones

345 2782 413 2843 et
460 2777 840 2855 decisiones,
891 2778 974 2842 ab
1005 2777 1522 2887 Imperatoribus
1569 2776 1859 2842 romanis
1906 2797 2105 2860 super
2149 2777 2280 2841 illis
2326 2777 2612 2888 negotiis
2658 2778 2889 2855 editaS‚
2938 2777 3010 2841 in

342 2875 487 2940 foro
549 2897 666 2940 suo
714 2875 960 2940 nullam
1023 2875 1159 2939 vim
1219 2875 1550 2958 obligandi
1605 2875 1849 2939 habere
1898 2875 2292 2952 declaravit,
2355 2874 2480 2940 nisi
2539 2875 2685 2959 ipsa
2733 2897 2847 2943 eas
2893 2896 3008 2940 ac-

344 2973 703 3057 ceptandas
754 2973 1152 3040 censuerit.
1110 2969 1134 3009 ³

528 3196 543 3227 ¹
585 3191 694 3247 Cfr.
723 3196 856 3247 Luc.
887 3194 969 3257 12,
1010 3194 1125 3247 32:
1173 3193 1381 3258 „Nolite
1406 3192 1615 3256 timere,
1654 3192 1889 3262 pusillus
1914 3209 2067 3260 greiz,
2108 3192 2234 3261 quia
2260 3193 2588 3262 complacuit
2611 3194 2764 3249 Patri
2801 3199 3009 3260 vestro,

344 3276 472 3329 dare
522 3274 680 3328 vobis
730 3276 1008 3342 regnum.“
1088 3274 1255 3327 Porro
1295 3276 1458 3328 ιῙοαη.
1501 3275 1583 3337 16,
1622 3273 1739 3327 33.:
1799 3273 1890 3338 „In
1944 3274 2143 3327 mundo
2194 3291 2507 3344 pressuram
2557 3274 2854 3339 habebitis3
2907 3277 3008 3331 sed

343 3355 610 3418 confidite,
651 3372 751 3422 ego
789 3355 899 3408 vici
936 3355 1242 3408 mundum.“

524 3447 544 3479 ²
582 3447 791 3514 Adam,
829 3443 1135 3498 Handbuch
1173 3444 1268 3497 der
1303 3451 1434 3497 rom.
1474 3442 1881 3507 Alterthiimer,
1921 3461 1990 3496 ex
2028 3442 2242 3509 anglico
2279 3442 2336 3496 in
2374 3450 2543 3510 germ.
2583 3463 2726 3498 vers.
2766 3462 2799 3498 a
2837 3448 3003 3500 Joan.

342 3516 612 3580 Leonard.
653 3527 867 3593 Meyer,
919 3524 1000 3578 ed.
1039 3525 1134 3577 ΠΙ.
1173 3524 1396 3591 Erlang.
1439 3524 1592 3588 1818,
1629 3526 1759 3577 tom.
1787 3523 1845 3588 L,
1884 3541 1934 3592 p.
1975 3523 2096 3577 313.
2134 3526 2245 3576 not.
2276 3524 2323 3576 1.
2364 3526 2420 3577 et
2455 3542 2506 3594 p.
2547 3525 2668 3579 518.
2699 3543 2819 3593 sqq.
2872 3525 3004 3579 Suc-

342 3624 500 3660 cessu
536 3604 798 3675 temporis
846 3604 931 3657 illi
969 3604 1186 3672 quidem
1238 3604 1378 3657 hanc
1428 3607 1759 3674 potestatem
1810 3603 2038 3670 collegio
2077 3603 2420 3673 pontificum,
2479 3598 2578 3658 cui¹
2603 3605 2697 3673 qui
2733 3608 3003 3675 praeerat.

340 3686 598 3740 Pontifex
623 3685 899 3739 Maximus
926 3685 1222 3754 dicebatur,
1261 3685 1680 3748 commiserunt;
1720 3684 1863 3753 quod
1889 3683 2179 3751 collegium
2216 3687 2403 3737 tamen
2437 3684 2653 3738 nonnisi
2691 3684 3003 3752 delegatam

341 3767 447 3820 sibi
484 3785 516 3819 a
541 3766 692 3833 Rege
729 3766 820 3819 vel
857 3765 1189 3834 Imperatore
1226 3768 1555 3835 potestatem
1591 3765 1794 3819 habere
1832 3763 2267 3831 dignoscebatur.
2318 3764 2399 3818 De
2437 3782 2542 3833 quo
2583 3766 2679 3819 cfr.
2720 3768 3003 3830 Karlowa‚

340 3846 629 3900 Romische
667 3845 1204 3912 Rechtsgeschichte,
1241 3848 1370 3899 tom.
1410 3846 1450 3898 I.
1490 3863 1541 3914 p.
1582 3846 1667 3899 58.
1707 3862 1789 3913 sq.
1829 3847 1886 3898 et
1922 3862 1971 3914 p.
2011 3844 2133 3898 269.
2172 3861 2293 3912 sqq.

521 3937 541 3970 ⁸
578 3934 641 3988 Id
679 3935 822 4003 quod
871 3934 1013 3987 inter
1064 3937 1245 3988 cetera
1297 3935 1475 3988 elucet
1526 3952 1595 3988 ex
1646 3932 1877 4003 epistola
1893 3975 1906 3998 ,
1958 3933 2025 3986 ab
2070 3934 2192 3986 031‘0
2206 3974 2222 4002 ,
2276 3932 2610 3988 Cordubensi
2644 3934 2700 3987 in
2737 3933 3005 4005 Hispania

341 4015 592 4086 episcopo
610 4057 622 4079 ,
675 4015 745 4068 ad
782 4015 1168 4084 Imperatorem
1211 4015 1583 4068 Constantium
1625 4012 1992 4082 (337—361),
2031 4012 2124 4081 qui
2159 4013 2243 4066 illi
2279 4013 2432 4082 prius
2468 4032 2566 4083 per
2601 4014 2815 4068 litteras
2852 4032 3002 4068 man-

341 4098 600 4159 daverat,
655 4099 719 4148 ut
755 4093 1123 4148 Arianismum
1175 4097 1523 4162 agnosceret,
1579 4095 1708 4148 data
1759 4093 1923 4164 hujus
1970 4092 2205 4148 tenoris:
2269 4091 2522 4160 ,Παῦσαι,
2579 4093 2876 4164 παρακαλῶ,
2914 4094 3002 4144 καὶ

343 4173 606 4244 μνήσθητι,
644 4172 722 4225 ὅτι
758 4173 941 4243 θνητὸς
978 4174 1236 4242 ἅνθρωπος
1265 4176 1541 4244 τυγχάνεις.
1597 4169 1859 4241 Φοβήθητι
1886 4172 1978 4241 τὴν
2005 4171 2197 4242 ἡμέραν
2224 4177 2314 4241 τῆς
2342 4171 2567 4242 κρίσεως,
2609 4170 2824 4242 φυλαξον
2851 4186 3001 4224 σεαυ-

338 4253 426 4305 τὸν
478 4253 547 4309 εἰς
595 4252 788 4322 ἐκείνην
830 4250 1068 4323 καθαρόν.
1140 4249 1231 4324 Μὴ
1277 4251 1404 4304 τίθει
1443 4251 1652 4304 σεαυτὸν
1705 4251 1773 4307 εἰς
1819 4252 1882 4303 τὰ
1932 4249 2346 4320 ἐκκλησιαστικά,
2397 4250 2522 4321 μηδὲ
2561 4251 2618 4301 σὺ
2655 4252 2769 4322 περὶ
2803 4252 3000 4303 τουτων

341 4332 459 4402 ἡμῖν
495 4331 860 4401 παρακελεύου·
912 4331 1037 4384 ἀλλὰ
1087 4331 1272 4399 μᾶλλον
1321 4331 1423 4402 παῤ
1458 4331 1605 4402 ἡμῶν
1644 4331 1703 4382 σὺ
1743 4328 1962 4397 μάνθανε
2001 4334 2176 4381 ταῦτα.
2253 4327 2342 4381 Σοὶ
2378 4329 2632 4399 βασιλείαν
2669 4329 2695 4382 ὁ
2733 4328 2857 4387 Θεὸς
2894 4330 3000 4382 ἐνε-

340 4412 572 4484 χείρισεν,
612 4410 732 4480 ἡμῖν
759 4412 823 4463 τὰ
850 4416 940 4478 τῆς
967 4410 1231 4481 ἐκκλησίας
1259 4410 1534 4464 ἐπίστευσε.
1585 4405 1691 4462 Καὶ
1720 4407 1889 4479 ὥσπερ
1919 4408 1945 4461 ὁ
1973 4409 2065 4478 τὴν
2094 4408 2183 4479 σὴν
2212 4408 2371 4479 ἀρχὴν
2398 4406 2730 4461 ὒποκλέπτων
2758 4409 3003 4478 ἀντιλέγει

339 4495 414 4561 τῷ
453 4489 802 4561 διαταξαμένῳ
839 4488 972 4561 Θεῷ·
1008 4487 1157 4541 ὀὕτω
1209 4488 1486 4560 φοβήθητι,
1540 4488 1610 4559 μὴ
1661 4489 1749 4540 καὶ
1797 4489 1887 4548 συ,
1939 4488 2002 4539 τὰ
2038 4492 2129 4559 τῆς
2179 4487 2444 4558 ἐκκλησίας
2494 4487 2563 4544 είς
2599 4487 2778 4540 ἑαυτὸν
2817 4487 2998 4547 ἕλκων,

341 4567 617 4626 υπευθυνος
652 4569 932 4640 ἐγκλήματι
970 4568 1173 4638 μεγάλῳ
1208 4570 1342 4639 γένῃ·
1381 4567 1611 4627 ἀπόδοτε,
1651 4569 1951 4638 γέγραπται,
2002 4568 2064 4617 τὰ
2103 4562 2381 4636 Καίσαρος,
2421 4561 2655 4638 Καίσαρι,
2690 4567 2777 4618 καὶ
2812 4567 2875 4618 τὰ
2911 4571 3000 4618 τοῦ

339 4648 484 4709 Θεοῦ,
523 4652 599 4717 τῷ
632 4648 761 4719 Θεῷ.
826 4645 955 4701 Οὔτε
992 4648 1155 4701 τοίνυν
1191 4647 1309 4718 ἡμῖν
1346 4647 1519 4718 ἄρχειν
1555 4646 1639 4699 ἐπὶ
1674 4652 1766 4717 τῆς
1800 4652 1888 4717 γῆς
1925 4646 2128 4705 ἔξεστιν.
2168 4644 2283 4697 οὔτε
2322 4647 2381 4697 σὺ
2418 4648 2506 4698 τοῦ
2545 4642 2731 4717 θυμιᾷν
2769 4645 2996 4705 ἐξουσίαν

337 4728 488 4800 ἔχεις,
529 4728 745 4797 βασιλεῦ.
800 4726 973 4780 Ταῦτα
1012 4727 1103 4796 μὲν
1140 4726 1226 4779 οὖν
1263 4725 1536 4797 κηδόμενος
1573 4731 1664 4797 τῆς
1693 4731 1780 4795 σῆς
1817 4726 2064 4794 σωτηρίας
2099 4726 2291 4795 γράφω.
2348 4722 2470 4795 Περὶ
2497 4724 2549 4776 δὲ
2580 4723 2651 4776 ὧν
2688 4725 2995 4785 ἐπέστειλας,

338 4809 526 4879 ταυτης
562 4808 667 4877 εἰμὶ
699 4813 788 4879 τῆς
826 4808 1043 4877 γνώμης·
1080 4806 1179 4876 ἐγὼ
1216 4805 1331 4858 οὔτε
1369 4803 1626 4877 Ἀρειανοῖς
1662 4804 2126 4872 συγκατατίθεμαι,
2182 4803 2306 4855 ἀλλὰ
2342 4804 2429 4855 καὶ
2478 4804 2570 4874 τὴν
2609 4804 2791 4873 αἵρεσιν
2829 4804 3001 4856 αὐτῶν
