3355 5328
1294 310 1473 365 Sectio
1509 311 1578 366 V.
1629 310 1664 378 ᾖ
1707 311 1826 366 140.
1867 311 1987 366 141.
2863 313 2970 369 205

490 469 582 535 Et
624 470 791 535 haec
837 469 1097 552 quidem
1143 470 1462 548 collecti0‚
1509 470 1578 535 in
1609 475 1929 553 quantum
1974 471 2199 551 scitur,
2247 472 2460 556 prima
2492 473 2778 539 omnium
2818 495 2972 557 par-

310 567 478 634 tium
525 566 830 651 Corporis
870 567 1037 651 juris
1085 566 1380 634 canonici
1439 567 1618 651 typis
1676 567 1998 652 impressa
2045 573 2179 647 est,
2240 570 2549 636 videlicet
2592 571 2974 653 Moguntiae

318 686 378 733 a.
421 666 591 731 1460
639 665 813 749 apud
844 666 1162 731 Joannem
1206 666 1367 731 Fust
1413 669 1482 732 et
1526 666 1789 731 Petrum
1833 667 2162 751 Schoiffer,
2210 666 2279 732 in
2324 667 2437 735 fol.
2487 689 2635 733 cum
2680 669 2900 751 glossa
2929 669 2971 736 ¹.

394 855 433 941 ἓ
481 853 623 924 140.
713 857 923 924 Varia
970 857 1443 941 additamenta,
1491 877 1658 943 quae
1709 877 1909 927 cursu
1953 858 2266 947 temporis
2312 859 2465 928 huic
2512 858 2884 928 collectioni

1008 964 1078 1030 in
1123 963 1331 1052 ipsius
1379 964 1778 1032 editionibus
1827 967 2275 1033 accesserunt.

486 1123 818 1190 Paulatim
863 1124 1013 1189 huic
1060 1124 1428 1190 collectioni
1472 1124 1541 1189 in
1598 1124 1804 1209 ipsius
1851 1123 2243 1191 editionibus
2287 1124 2479 1190 varia
2523 1125 2973 1191 additamenta

308 1221 615 1305 apposita
660 1226 833 1299 sunt,
883 1226 952 1288 et
997 1222 1386 1290 nominatim
1432 1222 1694 1305 quidem
1742 1226 2099 1289 summaria
2130 1222 2439 1306 capitum.
2512 1222 2798 1300 Quorum
2831 1222 2973 1304 qui-

310 1319 458 1385 dem
505 1319 1011 1386 summariorum
1055 1342 1255 1386 unum
1302 1319 1470 1405 (cap.
1512 1322 1567 1387 1.
1618 1320 1699 1387 de
1745 1320 2032 1403 religios,
2083 1322 2252 1387 dom.
2297 1321 2413 1387 ΙΠ.
2453 1322 2586 1404 11.)
2634 1342 2671 1386 e
2717 1321 2973 1386 lectura

309 1418 507 1484 Pauli
554 1420 633 1483 de
676 1418 1032 1502 LiazariiS,
1088 1418 1248 1484 item
1293 1440 1494 1484 unum
1541 1416 1711 1502 (cap.
1763 1420 1823 1485 8.
1874 1420 1954 1484 de
2002 1419 2189 1485 elect.
2238 1418 2305 1485 I..
2340 1417 2431 1500 3.)
2480 1440 2517 1484 e
2562 1419 2817 1484 lectura
2862 1419 2971 1484 Jo-

316 1518 509 1581 annis
556 1517 633 1582 ab
667 1517 895 1600 Imola,
939 1537 1140 1599 supra
1179 1514 1272 1601 (p.
1308 1517 1485 1599 195.)
1516 1516 1789 1594 laudati,
1838 1521 1908 1583 et
1954 1516 2207 1599 reliqua
2254 1516 2470 1582 omnia
2518 1538 2603 1582 ex
2650 1521 2973 1600 apparatu

311 1613 681 1695 glossarum
705 1615 984 1679 Joannis
1006 1616 1331 1698 Andreae,
1368 1615 1452 1680 ad
1473 1614 1644 1681 hanc
1669 1615 2123 1681 collectionem
2149 1615 2489 1694 adornatO,
2514 1615 2909 1699 proveniunt
2926 1612 2971 1680 ².

489 1712 695 1778 Porro
740 1712 810 1777 in
841 1711 1232 1779 editionibus
1263 1713 1576 1794 glossatis
1607 1712 1819 1779 eidem
1851 1713 2220 1779 collectioni
2252 1713 2520 1797 insuper
2552 1717 2973 1779 accesserunt

315 1812 657 1877 divisiones
703 1810 992 1894 capitum
1039 1814 1108 1877 et
1154 1834 1340 1877 casus
1365 1808 1411 1896 ³,
1460 1815 1529 1877 et
1575 1811 1709 1878 alia
1751 1812 2140 1896 hujusmodi.

1112 2051 1635 2121 ARTICULUS
1682 2051 2171 2122 SECUNDUS.

310 2206 467 2279 Inde
512 2207 592 2279 ab
639 2205 781 2301 ejus
828 2206 1108 2280 editione
1153 2206 1537 2279 authentica
1566 2206 1849 2279 Romana
1894 2225 1950 2278 a.
1981 2206 2136 2278 1582
2166 2225 2373 2298 usque
2420 2208 2502 2280 ad
2547 2208 2666 2281 hoo
2699 2207 2972 2299 tempus.

478 2398 517 2485 ξ
564 2395 693 2466 141.
785 2399 1003 2466 Editio
1048 2400 1245 2489 hujus
1295 2401 1701 2469 collectionis
1749 2400 2134 2467 authentica
2179 2399 2475 2467 Romana
2522 2419 2583 2467 a.
2630 2396 2807 2468 1582.

492 2558 715 2625 Etiam
778 2564 1038 2626 textum
1100 2559 1293 2642 hujus
1359 2558 1761 2626 collectionis
1825 2581 1956 2624 una
2020 2581 2166 2625 cum
2232 2559 2372 2642 ejus
2436 2559 2660 2641 glossa
2725 2559 2972 2624 Summi

311 2656 661 2724 Pontifices
707 2658 869 2724 Pius
913 2655 1023 2725 IV.
1034 2711 1054 2744 ,
1111 2658 1273 2724 Pius
1317 2658 1387 2724 V.
1452 2662 1519 2724 et
1568 2659 1915 2743 Greyorius
1961 2658 2167 2724 XIII.
2218 2680 2259 2723 a
2305 2656 2796 2724 Correctoribus
2840 2659 2973 2724 De-

316 2756 481 2822 creti
522 2756 836 2822 Romanis
881 2757 1208 2822 recenseri
1248 2757 1604 2840 jusserunt,
1655 2761 1724 2823 et
1769 2760 2030 2823 textum
2077 2757 2159 2821 ab
2207 2755 2309 2821 his
2354 2756 2768 2835 adornatum·
2791 2756 2975 2841 Papa

318 2854 666 2939 Greqorius
711 2855 915 2927 XIII.
965 2876 1084 2938 per
1126 2855 1362 2920 breve:
1415 2858 1623 2936 Quum
1663 2877 1785 2940 pro
1831 2877 2091 2920 munere
2123 2858 2465 2940 pastorali,
2515 2855 2573 2920 d.
2625 2854 2685 2921 d.
2726 2858 2781 2921 1.
2817 2854 2975 2922 Julii

320 2953 513 3031 1580,
559 2974 679 3036 pro
727 2953 1103 3019 authentico
1151 2952 1547 3031 declaravit,
1607 2951 1708 3018 ita
1752 2952 1840 3019 ut'
1874 2953 1934 3018 ei
1981 2952 2226 3035 aliquid
2271 2952 2513 3038 addere
2559 2954 2669 3019 vel
2715 2952 2974 3020 demere

316 3049 595 3116 aliterve
656 3071 805 3115 eum
863 3048 1121 3117 mutare
1181 3051 1426 3117 nemini
1481 3050 1743 3129 liceret,
1809 3051 2214 3134 eundemque
2278 3054 2538 3117 textum
2597 3048 2847 3118 Romae
2907 3052 2975 3116 in

316 3148 758 3232 typographia
803 3149 1035 3232 Populi
1080 3149 1360 3214 Romani
1405 3149 1692 3233 imprimi
1731 3150 1947 3234 jussit.

497 3246 675 3322 Quae
708 3245 908 3314 editio
938 3246 1181 3330 prodiit
1211 3246 1452 3313 ibidem
1484 3268 1543 3314 a.
1584 3249 1753 3314 1582
1788 3250 1907 3314 sub
1944 3247 2176 3314 titulo:
2220 3247 2607 3325 „Clementis
2639 3248 2859 3331 Papae
2891 3248 2971 3314 V.

318 3344 821 3410 constitutiones
868 3365 1026 3410 suae
1067 3344 1438 3427 integritati
1470 3368 1601 3411 una
1649 3368 1797 3411 cum
1842 3346 2080 3428 glossis
2126 3346 2539 3423 restitutae“,
2588 3346 2857 3423 Romae,
2905 3346 2974 3410 in

319 3441 588 3508 aedibus
634 3442 867 3527 Populi
911 3443 1211 3522 Romani,
1265 3445 1456 3521 1582,
1506 3465 1613 3510 un.
1663 3448 1821 3510 tom.
1871 3444 1939 3509 in
1985 3443 2097 3509 fol.
2126 3442 2171 3509 ⁴.

499 3656 521 3692 ¹
558 3657 778 3724 Bickell,
816 3655 998 3709 Ueber
1034 3654 1119 3709 die
1143 3654 1490 3722 Entstehung
1527 3655 1638 3708 und
1677 3655 1781 3708 den
1816 3653 2079 3722 heutigen
2105 3652 2391 3708 Gebrauch
2429 3653 2526 3707 der
2562 3652 2755 3707 beiden
2778 3653 2973 3708 Extra-

318 3735 980 3803 vagantensammlungen
1031 3735 1126 3788 des
1179 3734 1386 3805 Corpus
1436 3734 1576 3804 juris
1627 3733 1901 3798 canonici,
1959 3753 2011 3804 p.
2063 3734 2184 3798 89.;
2244 3735 2475 3802 Phillips
2492 3776 2508 3803 ,
2563 3733 2974 3800 Kirchenrecht,

318 3818 448 3870 tom.
475 3815 568 3869 IV.
607 3833 658 3885 p.
696 3816 850 3879 391.;
892 3816 1121 3884 Schulte,
1158 3815 1260 3869 Die
1298 3813 1627 3869 Geschichte
1665 3815 1761 3869 der
1798 3813 2042 3879 Quellen,
2078 3817 2208 3869 tom.
2246 3813 2315 3868 ΙΙ.
2353 3833 2405 3885 p.
2445 3816 2531 3869 50.

503 3897 524 3931 ²
561 3895 670 3950 cfr.
708 3914 763 3950 v.
802 3912 856 3962 g.
894 3894 1189 3949 summaria
1239 3913 1394 3966 capp.
1436 3896 1609 3950 1.-7.
1662 3895 1729 3950 de
1766 3895 1923 3949 elect.
1962 3896 2004 3949 I.
2043 3895 2128 3959 3.;
2180 3912 2333 3964 capp.
2377 3895 2548 3949 1.—4.
2588 3894 2653 3948 de
2704 3898 2843 3949 sent.
2883 3913 2975 3949 ex-

322 3993 513 4030 comm.
549 3975 619 4030 V.
661 3977 744 4030 10.

501 4057 520 4090 ³
564 4056 673 4110 Cfr.
712 4074 767 4110 v.
806 4073 858 4123 g.
899 4074 1053 4127 capp.
1097 4056 1144 4110 1.
1182 4056 1232 4110 2.
1272 4055 1339 4110 de
1375 4055 1650 4126 rescriptt.
1689 4056 1731 4110 Ι.
1769 4056 1821 4109 2.

499 4137 525 4172 4
561 4135 711 4202 Quae
749 4136 914 4190 editio
951 4139 1076 4206 post
1113 4135 1292 4207 operis
1328 4135 1551 4190 titulum
1589 4135 1813 4190 exhibet
1849 4135 2251 4206 alphabeticum
2288 4135 2520 4189 indicem
2557 4134 2895 4189 rubricarum
2922 4138 2977 4190 et

323 4216 562 4287 capitum
598 4215 880 4270 titulorum
898 4258 910 4281 ,
959 4220 1016 4270 et
1049 4215 1108 4270 in
1144 4216 1318 4271 altera
1355 4215 1472 4269 folii
1509 4216 1712 4286 pagina
1747 4216 2017 4284 imagines
2053 4215 2262 4270 Summi
2297 4215 2579 4270 Pontificis
2595 4258 2607 4280 ,
2645 4215 2832 4280 MosiS,
2870 4215 2975 4270 Da-

321 4296 482 4360 vidis‚
519 4296 905 4367 prophetarum
943 4297 978 4350 J
981 4295 1162 4351 esaiae
1199 4300 1256 4350 et
1281 4297 1316 4351 J
1319 4296 1567 4361 eremiae,
1607 4300 1865 4366 quattuor
1900 4296 2396 4364 Evangelistarum,
2435 4296 2487 4350 S.
2515 4295 2675 4349 Pauli
2710 4296 2975 4366 Apostoli,

322 4379 380 4431 et
415 4376 508 4430 SS.
546 4376 774 4431 Patrum
812 4376 1112 4442 Ambrosii,
1163 4377 1504 4448 Hieronymi,
1542 4376 1843 4444 Augustini
1880 4379 1937 4431 et
1973 4376 2222 4444 Gregorii
2257 4377 2358 4441 M.;
2410 4379 2527 4430 tum
2564 4376 2689 4430 inde
2726 4393 2759 4429 a
2797 4376 2895 4430 col.
2927 4377 2974 4430 1.

320 4475 374 4511 u.
414 4456 482 4511 ad
502 4457 623 4511 342.
661 4460 876 4511 textum
913 4457 1168 4528 capitum,
1207 4457 1397 4511 eadem
1431 4457 1642 4511 ratione
1679 4457 2020 4528 impressum,
2059 4475 2124 4511 ac
2160 4475 2325 4528 supra
2363 4458 2429 4511 de
2465 4459 2624 4511 textu
2648 4454 2797 4511 Libri
2822 4455 2976 4511 Sexti

323 4537 750 4592 observavimus,
825 4538 993 4592 Porro
1043 4537 1168 4591 inde
1219 4556 1252 4592 a
1289 4538 1390 4593 col.
1429 4538 1750 4592 342.-344.
1802 4537 2145 4592 adducuntur
2194 4538 2353 4591 arbor
2390 4555 2488 4591 seu
2523 4536 2700 4604 figura
2737 4536 2975 4590 declara·

322 4617 442 4672 tiva
495 4617 646 4672 tituli
701 4619 766 4672 de
817 4617 940 4689 jure
990 4621 1311 4688 patronatus
1331 4660 1344 4683 ,
1400 4618 1524 4671 inde
1562 4636 1594 4672 a
1632 4618 1733 4672 col.
1773 4618 2090 4677 345.—-348.
2143 4617 2428 4688 apostillae
2464 4635 2562 4671 seu
2599 4616 2976 4671 breviusculae

323 4698 693 4769 suppletiones
709 4740 723 4763 ,
773 4697 966 4761 titulos
1006 4698 1465 4753 Clementinarum
1502 4699 1844 4753 declarantes
1861 4741 1874 4763 ,
1930 4716 2054 4753 cum
2091 4698 2450 4769 capitulorum
2485 4716 2707 4751 numero
2744 4697 2800 4751 in
2837 4714 2975 4750 mar·

324 4778 544 4846 ginibus
580 4779 812 4847 signato,
852 4782 909 4833 et
942 4779 1164 4834 tandem
1201 4778 1258 4832 in
1293 4778 1423 4832 folio
1460 4779 1652 4837 ultimo
1679 4779 1892 4847 insigne
1930 4778 2335 4834 communitatis
2360 4778 2541 4833 civilis
2566 4778 2734 4905 Urbi?
2759 4779 2975 4833 Romae.
