3355 5328
1373 300 1552 356 Sectio
1589 301 1689 359 IV.
1736 301 1769 369 ἕ
1810 302 1929 357 124.
2876 303 2981 358 191

318 459 654 541 glossatae
699 463 1130 525 numerantur
1158 457 1203 528 ¹.
1273 460 1455 527 Inter
1497 460 1646 525 illas
1692 459 2085 545 praesertim
2128 461 2590 528 memorandae
2637 466 2791 528 sunt
2838 483 2977 541 eae,

320 578 489 640 quae
551 557 934 641 prodierunt
981 558 1188 623 Paris,
1245 559 1415 623 1500
1476 558 1651 642 apud
1695 557 1922 625 Udalr.
1973 558 2220 641 Gering
2282 564 2350 626 et
2393 560 2729 626 Berthold.
2776 560 2977 625 Rem-

319 655 471 721 bold
493 651 539 734 ²,
586 655 827 723 iterum
871 655 1024 721 ibid.
1074 677 1133 722 a.
1189 654 1408 721 1503³
1454 659 1523 722 et
1568 656 1809 722 iterum
1853 656 2006 722 ibid.
2056 678 2115 724 a.
2171 658 2340 723 1513
2367 656 2411 724 ⁴.

464 871 502 958 ξ
550 868 688 1002 124.
779 872 988 940 Varia
1035 871 1519 957 additamenta,
1567 891 1735 959 quae
1781 871 1978 939 Libro
2027 872 2223 940 Sexto
2272 891 2470 943 cursu
2515 874 2830 962 temporis

1419 979 1865 1047 accesserunt.

497 1148 721 1215 Etiam
778 1148 969 1215 varia
1027 1149 1478 1216 additamenta
1538 1171 1732 1215 cursu
1790 1149 2108 1233 temporis
2153 1149 2348 1215 Libro
2398 1150 2600 1216 Sexto
2660 1150 2728 1215 in
2772 1150 2978 1236 ipsius

318 1246 710 1314 editionibus
742 1251 1177 1327 accesserunt,
1227 1252 1295 1314 et
1327 1247 1586 1331 quidem
1617 1246 2003 1313 nominatim
2035 1250 2392 1313 summaria
2437 1251 2734 1334 capitum.
2798 1249 2978 1326 Quae

317 1345 580 1428 quidem
639 1348 715 1411 ut
772 1346 1123 1430 plurimum
1167 1347 1408 1413 hausta
1452 1349 1608 1412 sunt
1668 1367 1754 1411 ex
1816 1345 2119 1430 operibus
2170 1345 2585 1413 canonisticis
2603 1397 2617 1426 ‚
2682 1347 2767 1412 ad
2828 1368 2979 1413 eum

318 1443 679 1522 adornatis
731 1447 799 1509 et
845 1443 1106 1526 quidem

502 1554 558 1617 1.
607 1552 932 1620 Zenzelim'
979 1554 1059 1617 de
1109 1553 1415 1619 Cassanis
1432 1604 1452 1637 ‚
1513 1550 1907 1636 professoris
1946 1550 2114 1634 juris
2162 1550 2455 1617 canonici
2499 1550 2576 1618 in
2620 1551 2979 1619 Academia

317 1648 565 1715 Montis
610 1649 951 1715 Pessulani
997 1648 1489 1735 (Montpellier),
1536 1651 1580 1732 †
1627 1671 1681 1716 c.
1732 1671 1791 1716 a.
1832 1651 2001 1714 1350
2018 1648 2063 1715 ⁵.
2128 1648 2256 1715 cfr.
2305 1670 2369 1715 v,
2417 1670 2482 1732 g.
2533 1649 2774 1717 Summ,
2824 1672 2878 1717 c.
2919 1652 2975 1718 1.

320 1744 405 1812 de
447 1744 805 1830 renuntfil.
858 1750 953 1825 7.;
1019 1749 1260 1815 Summ.
1312 1770 1452 1832 cap.
1504 1749 1564 1814 4.
1614 1748 1696 1813 de
1750 1752 1952 1831 temp.
2016 1747 2220 1813 ordin.
2269 1747 2320 1815 Ι.
2371 1750 2468 1826 9.;
2533 1746 2774 1815 Summ.
2833 1769 2975 1833 cap.

317 1866 425 1911 un.
477 1844 557 1910 de
602 1850 739 1913 vot.
790 1849 858 1912 et
903 1850 1040 1913 vot.
1089 1846 1410 1930 redempt.
1458 1846 1574 1912 ΙΠ.
1631 1847 1732 1911 15.

502 1955 562 2019 2.
610 1954 808 2019 Pauli
841 1956 920 2019 de
947 1954 1302 2038 Liazariis,
1352 1952 1754 2031 canonistae‚
1789 1951 1902 2035 qui
1928 1951 2152 2019 floruit
2183 1973 2354 2019 saec.
2387 1953 2561 2019 XIV.
2599 1952 2669 2035 (†
2706 1953 2903 2036 1356)
2930 1952 2975 2021 ⁶.

316 2049 449 2118 cfr.
497 2071 562 2117 V.
611 2071 675 2132 g.
727 2051 968 2117 Summ
1019 2073 1160 2136 cap.
1212 2054 1272 2117 2.
1323 2051 1403 2117 de
1450 2055 1617 2118 sent.
1667 2054 1737 2116 et
1780 2071 1855 2116 re
1894 2050 2094 2133 judic.
2142 2051 2224 2117 ΙΙ.
2281 2052 2383 2117 14.

498 2160 559 2224 3.
621 2158 902 2240 Joannis
959 2161 1284 2225 Andreae.
1379 2158 1511 2225 Ofr.
1576 2158 1818 2224 Summ.
1881 2176 2066 2240 capp.
2122 2158 2177 2223 1.
2238 2160 2299 2223 2.
2363 2157 2442 2222 de
2503 2161 2709 2223 const.
2767 2157 2816 2223 Ι.
2877 2161 2974 2237 2.;

318 2276 505 2339 capp.
562 2257 819 2323 1.—15.
870 2256 950 2321 de
997 2258 1185 2323 elect.
1235 2257 1285 2323 Ι.
1337 2258 1397 2323 6.

498 2364 559 2429 4.
608 2362 889 2428 Joannis
937 2366 1015 2429 de
1061 2365 1128 2429 F
1122 2386 1264 2448 ane,
1314 2363 1390 2429 Ο.
1441 2363 1506 2429 S.
1554 2362 1633 2429 D.
1660 2412 1674 2441 ,
1724 2361 1992 2427 natione
2036 2361 2348 2445 Hispani,
2403 2361 2699 2427 florentis
2744 2383 2976 2428 versus

315 2462 514 2525 finem
559 2481 731 2542 saec.
778 2461 954 2527 XIV.
985 2458 1027 2529 ⁷.
1122 2461 1251 2528 Cfr.
1303 2462 1546 2528 Summ.
1596 2481 1783 2545 capp.
1833 2462 1893 2528 4.
1945 2461 2006 2526 5.
2057 2459 2136 2526 de
2183 2460 2466 2542 regular.
2516 2460 2630 2526 III.
2685 2461 2785 2527 14.

498 2569 558 2634 5.
607 2566 931 2634 Dominici
993 2591 1034 2633 a
1080 2571 1146 2635 S.
1200 2570 1580 2635 Geminiano
1597 2620 1617 2653 ‚
1688 2567 2079 2652 professoris
2132 2566 2300 2651 juris
2360 2567 2653 2634 canonici
2697 2567 2765 2632 in
2811 2567 2976 2634 Uni-

316 2664 640 2733 versitate
701 2667 1138 2746 Bononiensi,
1205 2663 1344 2752 jam
1413 2689 1615 2752 supra
1692 2666 1782 2752 (p.
1856 2668 2032 2749 162.)
2100 2667 2354 2733 laudati
2386 2662 2431 2733 ⁸.
2534 2666 2664 2734 Gfr.
2731 2667 2973 2735 Summ.

318 2784 507 2848 capp.
575 2767 682 2832 42.
750 2766 854 2832 44.
936 2765 1015 2831 (16
1084 2767 1273 2833 elect.
1341 2766 1392 2833 I.
1461 2768 1561 2844 6.;
1636 2764 1887 2833 'Summ.
1958 2787 2099 2849 cap.
2168 2766 2229 2830 4.
2302 2764 2383 2831 de
2451 2764 2661 2849 suppl.
2732 2765 2972 2848 neglig.

317 2862 629 2946 praelatt.
677 2863 727 2930 Ι.
781 2865 839 2929 8.

500 2971 559 3037 6.
621 2971 875 3036 Nicolai
935 2971 1014 3035 de
1081 2972 1445 3055 TudeschiS,
1506 2971 1667 3038 item
1732 2991 1933 3055 supra
1995 2969 2086 3055 (p.
2141 2971 2319 3053 163.)
2381 2969 2747 3036 memorati.
2842 2970 2973 3037 Cfr.

319 3066 562 3135 Summ.
613 3087 754 3151 cap.
805 3069 910 3134 38.
962 3068 1042 3133 de
1089 3068 1277 3136 elect.
1326 3069 1376 3135 Ι.
1428 3071 1488 3135 6.

499 3175 759 3241 Glossae
820 3174 999 3239 Libri
1065 3175 1252 3241 Sexti
1319 3175 1388 3241 in
1458 3175 1674 3260 specie
1744 3174 1951 3241 additi
2018 3179 2173 3242 sunt
2238 3175 2440 3240 Casus
2505 3178 2573 3240 et
2635 3174 2975 3241 Notabilia

319 3272 547 3338 Heliae
577 3274 872 3358 Reym‘er,
907 3294 1108 3357 supra
1137 3271 1227 3357 (p.
1267 3272 1443 3355 189.)
1473 3273 1841 3352 memorati,
1876 3277 2075 3357 atque
2107 3277 2495 3357 conspectus
2524 3273 2972 3352 materiarum,

317 3390 488 3452 quae
533 3369 603 3435 in
647 3371 870 3452 glossa
914 3374 1247 3438 tractatae
1293 3375 1448 3437 sunt
1473 3371 1517 3438 9.

476 3597 519 3643 .¹
559 3597 800 3665 Panzer‚
850 3596 1093 3651 Annales
1140 3595 1553 3667 typographici,
1607 3599 1738 3651 tom.
1782 3596 1823 3651 I.
1876 3615 1927 3667 p.
1972 3598 2089 3652 148.
2129 3597 2280 3661 535.;
2330 3600 2460 3651 tom.
2503 3596 2572 3650 II.
2623 3615 2675 3667 p.
2713 3600 2801 3653 46.
2855 3600 2974 3656 123.

321 3675 440 3729 126.
495 3675 613 3729 147.
670 3676 817 3739 190.;
871 3679 1002 3730 tom.
1040 3677 1134 3731 ΠΙ.
1187 3695 1238 3747 p.
1277 3678 1362 3732 20.
1416 3677 1500 3731 31.
1556 3677 1674 3731 114.
1732 3678 1850 3731 145.
1907 3678 2023 3731 146.
2080 3678 2197 3732 148.
2241 3677 2359 3731 181.
2415 3676 2534 3731 193.
2573 3678 2694 3732 208.
2747 3683 2804 3734 et
2852 3680 2976 3736 aliis

316 3755 452 3809 16616
464 3776 476 3819 3
514 3757 736 3825 Bickell,
773 3756 955 3810 Ueber
991 3756 1078 3811 die
1113 3756 1463 3826 Entstehung
1498 3758 1609 3811 und
1648 3757 1752 3811 den
1788 3757 2048 3826 heutigen
2087 3756 2374 3812 Grebrauch
2418 3757 2513 3810 der
2548 3757 2743 3812 beiden
2777 3760 2976 3818 Extra-

316 3836 975 3905 vagantensammlungen
1012 3838 1108 3891 des
1148 3838 1355 3908 Corpus
1385 3838 1526 3908 juris
1563 3837 1824 3903 canonici,
1862 3857 1913 3909 p.
1954 3839 2039 3893 98.
2078 3854 2198 3907 sqq.

499 3917 521 3950 ²
556 3918 763 3970 Biekell
797 3916 834 3971 1.
874 3935 918 3972 6.
958 3936 1010 3988 p.
1053 3918 1171 3972 100.
1355 3920 1376 3954 ⁸
1413 3920 1620 3971 Bickell
1653 3918 1692 3973 l.
1732 3936 1778 3972 6.
1817 3937 1869 3989 p.
1911 3919 2029 3973 101.

497 3997 519 4030 ⁴
555 3998 763 4050 Bickell
796 3998 834 4051 l.
873 4015 920 4052 6.
958 4016 1010 4068 p.
1053 3998 1172 4052 105.

501 4078 521 4112 ⁵
559 4079 788 4146 Sebaste,
824 4077 927 4131 Die
965 4076 1297 4132 Geschichte
1335 4079 1431 4132 der
1468 4077 1713 4144 Quellen,
1748 4082 1879 4133 tom.
1918 4079 1986 4134 II.
2024 4097 2077 4150 p.
2120 4081 2238 4135 199.

499 4159 522 4194 ⁶
559 4158 772 4211 Schulte
807 4157 842 4212 l.
882 4176 928 4212 6.
967 4175 1019 4228 p.
1058 4159 1180 4212 246.

501 4240 521 4273 '¹
559 4236 663 4302 Qui
699 4238 954 4293 exaravit
991 4241 1268 4293 Summam
1307 4242 1468 4294 Juris
1505 4242 1561 4293 et
1604 4240 1867 4293 Tabulam
1901 4258 2065 4310 super
2100 4243 2417 4298 Decretales.
2470 4242 2580 4298 cfr.
2609 4246 2822 4309 waher,
2860 4245 2975 4299 All·

317 4315 596 4384 gemeines
636 4316 1217 4373 Gelehrten-Lexikon.
1234 4361 1248 4383 ,
1303 4322 1433 4374 tom.
1473 4318 1542 4373 II.
1582 4319 1682 4373 661.
1721 4320 1904 4385 1920.;
1943 4339 2101 4391 porro
2130 4323 2404 4388 (Zedleri)
2445 4322 2676 4378 Grosses
2712 4324 2973 4379 vollstan·

319 4396 473 4464 diges
510 4397 1089 4462 Universal·Lexikon,
1126 4400 1257 4453 tom.
1295 4399 1389 4453 IX.
1429 4399 1529 4454 661.
1568 4400 1690 4454 219.

499 4487 520 4522 ⁸
558 4487 842 4541 Schultel.
882 4505 928 4541 6.
967 4505 1019 4558 p.
1060 4488 1180 4542 294.
1219 4505 1302 4557 sq.

499 4567 529 4602 9
558 4562 708 4631 Quae
745 4567 1116 4622 additamenta
1161 4568 1277 4638 jam
1315 4568 1643 4625 exhibentur
1690 4568 1749 4624 111
1786 4569 2048 4637 editione,
2101 4589 2240 4641 quae
2277 4590 2326 4627 a.
2369 4572 2507 4627 1514
2544 4572 2744 4644 prodiit
2778 4574 2972 4628 Venet.

317 4646 376 4700 in
412 4646 504 4700 fol.
544 4648 688 4716 apud
724 4647 948 4702 Lucant.
990 4649 1055 4702 de
1094 4646 1314 4703 Giunta.
