3355 5328
1454 291 1632 362 Caput
1665 293 1762 347 III.
1814 291 1847 359 ἓ
1885 291 1972 345 23.
2934 290 3039 345 267

559 454 667 519 Ex
713 475 839 537 quo
886 459 1108 520 autem
1155 455 1522 538 Imperator
1567 453 1985 519 Justinianus
2031 452 2307 518 devictis
2355 453 2739 538 Ostroyothis
2779 455 3040 522 Italiam

380 552 506 618 sibi
552 553 941 636 subjecerat,
989 552 1228 617 ibidem
1276 552 1476 617 etiam
1516 552 1626 635 jus
1672 550 1884 629 civile,
1936 572 1976 616 a
2007 572 2079 617 se
2117 550 2460 629 sancitum,
2510 550 2769 617 omnino
2816 555 3041 619 valere

374 649 570 733 jussit
600 648 641 716 ¹.
725 650 885 715 Inde
931 650 1015 716 ab
1060 650 1172 717 illo
1219 652 1516 733 tempore
1556 650 1664 732 jus
1710 649 1834 714 hoc
1879 654 2148 732 propter
2193 670 2380 714 suam
2426 650 2902 732 praestantiam
2950 656 3038 730 et,

381 748 535 831 quia
581 748 957 830 indigentiis
1004 748 1153 814 aevi
1197 747 1372 814 ilh‘us
1419 746 1905 825 satisfaciebat,
1954 746 2272 830 paulatim
2319 768 2437 830 per
2481 746 2857 814 universam
2904 750 3040 815 Ita-

378 845 535 911 liam
595 845 823 927 vigere
884 845 1098 930 coepit
1120 843 1165 924 ²,
1225 845 1444 928 ibique
1505 844 1706 911 etiam
1753 845 2034 928 Imperio
2084 844 2479 935 Graecorum
2530 865 2760 910 everso
2780 896 2794 924 ,
2857 846 3041 912 vide-

380 943 539 1010 licet
581 943 733 1009 inde
779 965 821 1009 a
866 965 1038 1010 saec.
1087 944 1288 1022 VIII„
1343 943 1411 1007 in
1456 943 1687 1025 vigore
1733 942 2096 1026 permansit
2117 940 2162 1020 ³,
2226 943 2463 1026 quippe
2510 964 2705 1025 quum
2755 944 2955 1010 etiam
3002 967 3043 1011 a

379 1041 646 1124 regibus
691 1042 1296 1127 Lonyobardorum,
1362 1040 1682 1125 paulatim
1728 1061 1971 1122 magna
2017 1045 2208 1124 parte
2254 1040 2489 1106 Italiae
2535 1041 2795 1124 potitis,
2854 1041 3041 1123 agni-

379 1142 524 1205 tum
545 1137 590 1217 ⁴,
636 1139 835 1205 immo
855 1189 870 1218 ,
933 1140 1146 1222 quoad
1190 1140 1381 1223 plura
1429 1138 1665 1222 capita,
1716 1138 1917 1204 etiam
1962 1138 2031 1202 in
2074 1138 2363 1222 ipsorum
2404 1139 2511 1222 jus
2557 1139 2843 1222 patrium
2892 1140 3042 1221 (Le-
3109 1142 3113 1145 ⁴

381 1257 531 1318 gem
578 1236 1186 1320 Longobardorum)
1233 1237 1553 1303 insertum
1599 1242 1778 1303 esset
1805 1234 1851 1303 ⁵.

559 1335 764 1400 Porro
810 1335 1024 1419 ipsum
1057 1335 1259 1401 etiam
1288 1335 1357 1399 in
1381 1335 1528 1418 jure
1561 1335 1967 1400 Francorum
2007 1334 2303 1416 agnitum
2337 1337 2406 1400 et
2450 1339 2786 1418 receptum
2818 1335 3040 1415 fuisse,

380 1432 731 1499 manifeste
801 1435 1017 1499 elucet
1082 1433 1259 1499 inter
1327 1436 1551 1499 cetera
1615 1453 1652 1498 e
1713 1432 2195 1516 Capitularibus
2257 1432 2514 1514 Regum
2582 1433 2982 1498 Francorum
3016 1431 3041 1471 ⁶

381 1534 581 1613 atque
630 1552 665 1595 e
713 1531 991 1596 diversis
1034 1530 1333 1597 formulis
1379 1532 1837 1596 contractuum
1884 1530 2287 1613 aliorumque
2334 1530 2748 1611 negotiorum
2787 1531 3041 1614 juristi-

382 1649 607 1694 corum
630 1680 643 1707 ‚
705 1629 775 1694 in
819 1650 1025 1711 regno
1071 1629 1475 1694 Francorum
1522 1628 1817 1695 exaratis
1842 1627 1884 1706 ⁷,
1948 1631 2016 1693 et
2070 1628 2460 1711 praesertim
2508 1649 2592 1693 ex
2640 1649 2837 1712 opere
2877 1628 3041 1712 juri-

380 1726 566 1805 stic0,
617 1728 808 1810 quod,
855 1727 923 1792 in
968 1748 1176 1809 regno
1206 1727 1608 1792 Francorum
1655 1731 1724 1793 et
1760 1726 2144 1791 nominatim
2194 1726 2451 1808 quidem
2497 1726 2566 1791 in
2600 1727 2813 1792 Gallia
2844 1726 3040 1792 meri-

380 1825 643 1902 dionali,
676 1826 745 1890 in
774 1825 1108 1892 territorio
1142 1825 1431 1891 civitatis
1462 1825 1811 1892 Valentiae
1835 1823 2198 1906 (Valence),
2247 1826 2329 1889 ab
2363 1825 2580 1906 aliquo
2611 1846 2783 1890 nunc
2813 1824 3041 1906 ignoto

381 1926 649 1989 auctore
696 1924 868 1990 circa
913 1924 1200 1989 medium
1246 1945 1416 1989 saec.
1450 1923 1562 1989 XI.
1605 1923 2017 1999 adornatum,
2069 1923 2499 1989 communiter
2546 1922 2813 1988 dicitur:
2862 1925 3041 1990 Petri

381 2023 794 2107 Exceptiones
814 2022 840 2060 ⁸
885 2022 1127 2107 Leynm
1172 2023 1627 2087 Romanorum.
1695 2020 1877 2097 Quod
1925 2041 2107 2104 opus,
2154 2020 2223 2085 in
2270 2024 2582 2103 quattuor
2626 2020 2827 2086 libros
2876 2021 3042 2086 divi-

380 2141 525 2184 sum
589 2116 698 2199 (de
743 2119 1040 2204 personis
1059 2170 1073 2198 ,
1137 2120 1217 2184 de
1266 2118 1710 2185 contractibus
1730 2168 1744 2196 ,
1808 2119 1887 2183 de
1949 2118 2204 2183 delictis
2266 2122 2334 2183 et
2395 2119 2474 2183 de
2521 2139 2828 2202 processu
2870 2119 3043 2201 judi-

382 2217 608 2300 cario),
660 2218 998 2300 ingeniose
1046 2238 1130 2282 ex
1178 2216 1475 2282 omnibus
1522 2215 1815 2282 fontibus
1855 2215 2021 2299 juris
2069 2215 2278 2280 civilis
2325 2215 2576 2280 romani
2625 2216 2667 2281 J
2670 2216 3040 2296 ustinianei,

379 2315 686 2382 videlicet
733 2314 1261 2397 InstitutionibuS,
1308 2316 1605 2399 DiyestiS,
1660 2315 1884 2379 Codice
1929 2318 2128 2395 atque
2159 2314 2452 2397 NovelliS,
2503 2318 2571 2379 et
2619 2335 2704 2378 ex
2749 2314 2850 2378 his
2898 2315 3040 2397 qui-

381 2413 549 2492 dem,
596 2413 811 2497 prouti
856 2412 924 2478 in
954 2414 1213 2478 Juliani
1242 2412 1438 2477 Libro
1470 2411 1900 2476 Novellarum
1945 2410 2342 2489 referuntur,
2393 2411 2823 2494 compositum
2870 2416 2973 2478 est
2994 2413 3038 2479 ⁹.

559 2512 689 2576 Pro
721 2511 1134 2577 institutione
1163 2510 1233 2574 in
1257 2511 1405 2594 jure
1439 2508 1611 2574 civili
1644 2530 1914 2574 romano
1933 2510 2303 2592 ImPerator
2332 2509 2747 2574 Justinianns
2795 2514 3000 2576 const.
3027 2534 3041 2574 :
3158 2597 3164 2604 .

384 2610 645 2676 Omnem
676 2608 1079 2695 reipublicae,
1130 2607 1233 2674 die
1271 2609 1371 2675 16.
1407 2608 1562 2675 Dec.
1600 2609 1730 2672 533
1764 2607 1849 2673 ad
1881 2612 2333 2674 antecessores
2367 2607 2542 2687 data,
2578 2606 2613 2689 ἓ
2650 2610 2731 2687 7.‚
2781 2608 3039 2674 scholas

373 2708 710 2792 juristicas
755 2708 1049 2792 publicas
1100 2707 1505 2772 solummodo
1556 2707 2097 2791 Constantinopoli
2145 2709 2213 2771 et
2261 2708 2485 2791 Beryti
2532 2727 2677 2771 esse
2723 2707 2932 2772 voluit
2968 2705 3038 2773 ¹⁰.

561 2807 637 2871 In
685 2806 1039 2872 Occidente
1084 2804 1272 2871 initio
1319 2825 1491 2871 saec.
1524 2804 1636 2870 XI.
1687 2805 1912 2869 schola
1941 2804 2244 2887 juristica
2287 2804 2356 2868 in
2387 2803 2658 2870 civitate
2690 2805 3042 2869 Ravenna-

381 2904 555 2971 tensi
601 2908 825 2971 erecta
872 2908 976 2970 est
998 2954 1012 2982 ,
1077 2924 1282 2986 quae,
1350 2903 1574 2968 schola
1620 2902 1920 2967 Romana
1979 2906 2121 2968 tum
2185 2906 2457 2986 propter
2514 2902 3042 2974 insalubritatem

380 3002 527 3081 loci,
576 3006 719 3068 tum
764 3005 1036 3087 propter
1080 3001 1275 3079 bella,
1324 3021 1492 3082 quae
1537 3003 1697 3066 tunc
1742 2999 1923 3066 illam
1969 3000 2306 3082 regionem
2336 3000 2763 3078 infestabant,
2812 3002 3042 3084 paula-

381 3164 608 3233 cognitt.
645 3164 705 3220 L.
749 3165 861 3230 13.;
912 3164 950 3219 l.
989 3165 1038 3220 3.
1080 3165 1207 3219 Cod.
1246 3165 1446 3220 Theod.
1488 3167 1552 3219 de
1590 3165 1788 3220 studiis
1823 3165 2139 3220 liberalibus
2177 3166 2342 3220 Urbis
2378 3167 2532 3221 Rom.
2572 3171 2628 3220 et
2667 3167 3042 3221 Constantino·

382 3246 488 3316 pol.
515 3245 661 3299 XIV.
689 3247 769 3309 9.;
808 3263 966 3315 porro
992 3247 1216 3314 Fittiny,
1242 3246 1344 3299 Die
1369 3246 1621 3313 Anfange
1648 3246 1744 3299 der
1769 3246 2164 3300 Rechtsschule
2191 3265 2257 3299 zu
2282 3247 2542 3314 Bologna,
2569 3266 2620 3318 p.
2649 3247 2764 3311 35.;
2804 3250 3041 3317 Kriiyer,

384 3325 712 3380 Geschichte
739 3326 834 3380 der
860 3325 1089 3391 Quellen
1114 3345 1166 3379 u.
1188 3326 1489 3379 Litteratur
1515 3326 1610 3379 des
1629 3333 1762 3380 rom.
1791 3326 2012 3390 Rechts,
2039 3345 2089 3396 p.
2111 3327 2198 3380 48.
2219 3318 2339 3394 sqq.
2366 3344 2417 3396 p.
2440 3326 2560 3380 346.
2582 3344 2732 3395 sqq.;
2760 3328 3041 3397 Karlowa,

383 3406 537 3459 Rom.
577 3406 1116 3474 Rechtsgeschichte,
1156 3410 1285 3460 tom.
1313 3407 1354 3460 Ι.
1397 3425 1447 3476 p.
1473 3407 1596 3461 488.
1624 3424 1772 3474 sqq.;
1811 3425 1861 3476 p.
1890 3406 2010 3460 672.
2039 3424 2191 3475 sqq.;
2231 3426 2281 3477 p.
2324 3408 2445 3460 675.
2472 3424 2617 3476 sqq.;
2656 3426 2707 3477 p.
2739 3408 2892 3461 1022.
2921 3423 3039 3476 sqq.

566 3491 583 3522 ¹
620 3487 685 3540 Id
720 3489 876 3556 patet
912 3506 983 3541 ex
1022 3487 1139 3558 ejus
1175 3486 1461 3541 Sanctione
1499 3486 1869 3557 pragmatica,
1922 3486 1971 3540 d.
2013 3486 2062 3539 d.
2108 3487 2190 3540 13.
2229 3486 2371 3554 Aug.
2412 3487 2534 3552 554,
2573 3505 2688 3556 cap.
2733 3489 2814 3542 11.
2860 3487 3039 3558 (Corp.

380 3566 487 3637 jur.
528 3565 691 3632 civil„
730 3568 812 3621 ed.
850 3566 1076 3638 Dionys,
1117 3567 1499 3622 Gothofredus.
1545 3567 1690 3637 Lips.
1734 3568 1889 3631 1705,
1926 3570 2066 3636 part.
2106 3567 2199 3621 IV.
2240 3567 2339 3620 col.
2380 3565 2559 3635 350.):
2618 3567 2786 3633 „Jura
2822 3567 3044 3638 insuper

382 3647 474 3700 vel
510 3647 679 3714 leges,
720 3646 1008 3701 Codicibus
1044 3647 1248 3701 nostris
1284 3648 1536 3712 insertae,
1575 3664 1713 3715 quas
1745 3647 1862 3717 jam
1899 3647 2000 3700 sub
2040 3647 2259 3701 edictali
2295 3651 2696 3717 programmate
2733 3647 2790 3700 in
2827 3648 3042 3702 Italiam

383 3728 585 3782 dudum
621 3727 885 3793 misimuS‚
924 3728 1166 3782 obtinere
1204 3728 1506 3783 sancimus:
1563 3728 1660 3781 sed
1699 3731 1756 3781 et
1791 3745 1900 3792 eas,
1941 3745 2077 3796 quas
2114 3730 2303 3797 postea
2341 3728 2807 3798 promulgavimus
2846 3728 3042 3783 consti·

381 3808 644 3872 tutiones,
691 3809 945 3879 jubemus
995 3809 1095 3862 sub
1135 3808 1300 3862 edicti
1335 3807 1702 3879 propositione
1739 3807 1981 3875 vulgari,
2021 3826 2091 3861 ex
2129 3826 2190 3861 eo
2227 3812 2471 3878 tempore
2487 3851 2500 3872 ,
2540 3826 2645 3877 quo
2683 3810 2784 3861 sub
2823 3809 3044 3863 edictali

381 3891 784 3958 programmate
822 3887 1198 3958 promulgatae
1234 3888 1454 3952 fuerint,
1493 3888 1658 3942 etiam
1697 3906 1793 3957 per
1817 3891 2002 3958 partes
2021 3887 2214 3941 Italiae
2240 3887 2499 3953 obtinere,
2537 3891 2600 3942 ut
2634 3907 2758 3953 una,
2797 3889 2910 3942 Deo
2949 3907 3042 3943 vo-

380 3966 528 4020 lente
550 4009 562 4032 ,
613 3968 762 4020 facta
798 3966 1076 4036 republica
1125 3967 1309 4035 legum
1361 3967 1527 4021 etiam
1576 3971 1885 4022 nostrarum
1924 3968 2123 4037 ubique
2161 3968 2463 4037 prolatetur
2501 3969 2846 4023 auctoritaS.“
2929 3969 3039 4025 Cfr.

384 4048 638 4116 Saviyny,
677 4045 1005 4101 Geschichte
1044 4048 1140 4101 des
1175 4055 1309 4101 rom.
1348 4047 1555 4102 Rechts
1590 4047 1667 4101 im
1704 4048 2044 4112 Mittelalter,
2083 4051 2212 4102 tom.
2253 4049 2319 4101 II.
2358 4066 2410 4118 p.
2453 4049 2571 4103 182.
2611 4067 2731 4118 sqq.

564 4129 585 4162 ²
624 4128 862 4196 Saviyny
897 4128 933 4181 l.
974 4146 1019 4182 6.
1057 4145 1109 4198 p.
1152 4127 1270 4182 183.
1310 4145 1429 4196 sqq.
1613 4129 1634 4164 ⁸
1674 4130 1912 4197 Saviqny
1947 4129 1983 4182 l.
2025 4147 2068 4182 6.
2108 4146 2159 4197 p.
2199 4128 2320 4182 205.
2361 4145 2481 4198 sqq.

559 4209 584 4243 4
622 4209 859 4276 Saviyny
893 4208 931 4262 l.
970 4225 1016 4262 c.
1053 4211 1183 4261 tom.
1223 4208 1263 4261 I.
1302 4226 1354 4277 p.
1397 4208 1514 4262 123.
1554 4225 1706 4276 sqq.;
1745 4227 1796 4279 p.
1840 4209 1956 4262 129.
1997 4226 2079 4276 sq.
2102 4228 2114 4272 ;
2153 4226 2204 4277 p.
2248 4209 2366 4262 154.
2405 4226 2525 4277 sqq.

563 4290 584 4324 ὃ
622 4289 860 4356 Saviyny
896 4287 933 4341 l.
972 4305 1017 4342 c.
1056 4290 1185 4342 tom.
1225 4288 1292 4341 II.
1331 4306 1382 4357 p.
1423 4288 1543 4342 209.
1582 4305 1704 4356 sqq.
1888 4292 1909 4324 ὃ
1948 4289 2185 4356 Saviyny
2221 4288 2258 4341 l.
2298 4306 2342 4341 6.
2381 4307 2432 4358 p.
2475 4289 2594 4343 104.
2633 4305 2752 4357 sqq.

564 4371 584 4404 '¹
623 4370 862 4437 Saviyny
896 4368 932 4422 1.
973 4386 1018 4422 c.
1056 4387 1108 4438 p.
1151 4369 1269 4423 130.
1308 4386 1428 4437 sqq.

562 4449 584 4484 ⁸
621 4451 971 4517 Exceptiones
1008 4448 1128 4503 heic
1154 4470 1221 4493 =
1247 4451 1522 4518 excerpta.
1568 4448 1831 4517 (Saviqny
1867 4448 1903 4501 l.
1944 4465 1987 4501 6.
2028 4466 2078 4518 p.
2121 4447 2263 4516 140.)

563 4529 584 4564 ⁹
623 4529 860 4596 Saviyny
894 4528 931 4581 l.
972 4545 1016 4582 c.
1054 4547 1106 4598 p.
1149 4529 1267 4582 134.
1307 4545 1427 4596 sqq.
1501 4528 1806 4582 Adducitur
1842 4546 1977 4598 opus
2013 4528 2116 4582 hoc
2153 4528 2188 4582 l.
2229 4546 2273 4582 6.
2313 4546 2364 4598 p.
2406 4528 2722 4583 321.-428.

540 4610 585 4645 ¹⁰
622 4609 781 4662 Italia
817 4612 949 4662 tunc
985 4608 1244 4678 temporis
1279 4609 1519 4662 nondum
1555 4612 1878 4678 recuperata
1914 4627 1944 4662 6
1982 4627 2145 4662 manu
2184 4609 2638 4676 Ostrogothorum
2673 4609 2806 4673 fuit;
2854 4610 2920 4663 de
2959 4626 3041 4661 ce-

382 4690 500 4741 tero
537 4688 741 4743 Romae
779 4689 945 4743 etiam
981 4690 1082 4743 sub
1122 4689 1483 4743 dominatione
1528 4690 1965 4757 Ostroyothorum
2001 4689 2187 4743 schola
2225 4689 2478 4760 juristica
2514 4689 2713 4744 floruit.
2791 4690 2899 4744 Cfr.
2942 4690 3044 4741 Sa-

383 4771 543 4836 viyny
578 4770 614 4824 l.
655 4787 700 4823 6.
739 4772 869 4824 tom.
908 4770 948 4824 I.
988 4788 1040 4839 p.
1078 4770 1202 4824 459.
1241 4787 1392 4839 sqq.;
1432 4772 1697 4823 Karlowa
1734 4769 1769 4823 l.
1810 4788 1854 4824 6.
1892 4787 1945 4840 Ρ.
1988 4770 2140 4824 1023.
2182 4786 2301 4839 sqq.

3081 4822 3146 4869 s*
