3355 5328
1381 340 1556 411 Caput
1592 341 1687 396 IV.
1738 341 1771 407 ὅ
1809 340 1894 395 22.
2894 342 2963 396 37

490 500 550 564 3.
615 497 1013 582 Quandoque
1062 502 1415 569 Gratianus
1458 505 1684 588 plures
1731 524 1995 581 causaS‚
2046 503 2459 585 aliquatenus
2506 493 2783 571 similem
2828 526 2969 570 ma-

308 594 547 661 teriam
592 596 930 677 habenteS,
981 600 1437 684 complectitur
1482 601 1550 667 in
1595 623 1797 666 unum
1844 605 1912 666 et
1957 602 2127 666 hunc
2167 603 2577 685 complexum
2624 624 2969 668 causarum

310 693 468 759 dicit
514 702 853 761 tractatam
885 716 1162 779 eumque
1194 700 1548 764 secundum
1579 699 1782 782 ipsius
1815 719 2223 764 communem
2265 700 2613 765 materiam
2646 701 2966 782 designat,

308 791 580 857 dicendo
640 793 822 858 illum
881 816 944 861 V.
993 816 1057 877 g.
1124 799 1484 862 tractatum
1545 797 1864 881 conjugii,
1932 801 2000 863 et
2061 818 2295 862 causas
2341 798 2634 880 singulas
2653 849 2667 877 ,
2730 799 2798 863 in
2844 800 2968 864 hoc

309 893 606 957 tractatu
655 893 1193 976 comprehensaS,
1227 895 1623 962 determinat
1667 896 1777 960 vel
1812 915 1933 978 per
1963 894 2310 960 materiam
2342 916 2567 961 earum
2599 897 2968 980 specialem,

308 989 418 1054 vel
477 1010 596 1072 per
640 1012 983 1056 numerum
1030 1011 1147 1056 seu
1192 993 1407 1057 locum
1426 1043 1440 1071 ,
1505 1014 1698 1075 quem
1743 992 1896 1058 illae
1943 993 2010 1057 in
2056 992 2184 1058 isto
2232 1013 2576 1059 causarum
2625 995 2969 1078 complexu

310 1086 615 1153 obtinent
641 1087 683 1154 ¹.

489 1195 570 1260 H.
619 1195 841 1261 Etiam
887 1200 1280 1282 quaestiones
1327 1219 1672 1263 causarum
1708 1198 2063 1264 Gratianus
2109 1197 2249 1281 ipse
2297 1198 2579 1264 adducit.
2646 1199 2721 1263 Id
2754 1200 2969 1265 elucet

300 1292 443 1374 jam
490 1313 575 1357 ex
622 1294 762 1376 ejus
810 1295 1001 1361 dictis
1046 1295 1232 1361 initio
1281 1317 1645 1374 causarum,
1697 1296 1953 1363 collatis
2001 1317 2145 1361 cum
2194 1295 2385 1362 dictis
2433 1297 2572 1380 ejus
2617 1296 2802 1363 initio
2834 1297 2967 1361 sin-

307 1390 613 1471 gularum
661 1393 1115 1474 quaestionum
1163 1394 1517 1459 earundem
1564 1415 1912 1487 causarum
1944 1390 1987 1460 ².

488 1497 630 1563 Nec
661 1503 886 1565 tamen
908 1500 1262 1566 Gratianus
1292 1501 1416 1566 hac
1449 1501 1790 1566 occasione
1814 1521 2074 1584 semper
2099 1520 2412 1584 expresse
2436 1505 2827 1586 quaestiones
2851 1523 2968 1566 no-

310 1594 540 1673 minat,
568 1597 683 1661 sed
705 1617 819 1663 eas
843 1619 1042 1682 saepe
1062 1599 1204 1663 sola
1230 1598 1684 1680 designatione
1708 1598 2045 1675 materiae,
2072 1598 2141 1662 in
2165 1598 2260 1664 eis
2280 1602 2629 1676 tractatae,
2658 1599 2905 1680 allegat
2922 1596 2965 1665 ³.

485 1694 593 1758 Ex
638 1696 970 1778 hucusque
1003 1696 1193 1762 dictis
1225 1696 1576 1762 manifeste
1606 1700 1814 1780 patet,
1866 1696 2252 1762 Gratianum
2285 1696 2497 1779 ipsum
2543 1700 2799 1779 partem
2832 1698 2963 1762 De-

310 1791 476 1859 creti
522 1794 873 1859 secundam
918 1794 1051 1872 ita,
1116 1795 1212 1861 uti
1258 1816 1428 1859 nunc
1474 1794 1811 1860 subdivisa
1857 1798 1961 1859 est
1978 1844 1992 1871 ,
2041 1794 2108 1858 in
2155 1815 2387 1859 causas
2435 1798 2505 1860 et
2550 1794 2967 1876 quaestiones

309 1889 753 1957 subdivisisse.

308 2098 349 2183 ξ
399 2097 500 2165 22.
594 2101 840 2168 Divisio
886 2102 1220 2170 tractatus
1269 2102 1350 2168 de
1398 2103 1837 2188 poenitentia,
1897 2103 1968 2169 in
2014 2121 2120 2187 qu.
2168 2099 2226 2169 3.
2291 2102 2352 2167 G.
2400 2101 2702 2167 XXXIII.
2750 2104 2968 2188 positi,

1193 2210 1262 2274 in
1311 2210 1560 2294 septem
1607 2209 2085 2277 distinctiones.

491 2375 741 2440 Divisio
788 2379 1117 2443 tractatus
1165 2375 1245 2441 de
1289 2376 1699 2459 poenitentia
1718 2426 1732 2454 ,
1793 2376 1861 2440 in
1909 2397 2012 2458 qu.
2065 2379 2125 2443 3.
2176 2377 2241 2442 C.
2292 2376 2591 2441 XXXIII.
2642 2376 2965 2454 collocati,

307 2471 380 2535 in
425 2476 679 2555 septem
727 2474 1176 2540 distinctiones
1224 2494 1633 2556 nequaquam
1682 2495 1722 2539 a
1770 2474 2084 2540 Gratiano
2131 2474 2454 2558 provenit.
2548 2474 2623 2538 Id
2670 2475 2883 2539 elucet
2930 2495 2967 2538 e

308 2570 640 2636 codicibus
686 2573 953 2638 Decreti
1011 2594 1164 2638 mss.
1186 2622 1201 2651 ,
1266 2572 1374 2654 qui
1434 2576 1648 2638 totum
1707 2573 1879 2637 hunc
1938 2576 2299 2639 tractatum
2359 2594 2487 2637 uno
2534 2575 2764 2637 tenore
2812 2593 2966 2637 con-

306 2669 648 2752 scriptum,
697 2672 876 2736 nulla
922 2694 1190 2755 prorsus
1237 2671 1419 2738 facta
1449 2673 1605 2755 ‚ejus
1654 2671 1992 2749 divisione,
2043 2672 2357 2737 exhibent
2377 2670 2421 2737 ⁴.

493 2768 620 2833 Sed
664 2789 877 2851 neque
922 2772 1332 2857 Paucapalea
1376 2770 1445 2835 in
1490 2792 1611 2835 sua
1650 2772 1916 2836 Summa
1945 2769 2211 2835 Decreti
2255 2769 2585 2835 ullatenus
2630 2769 2821 2851 hujus
2869 2768 2965 2832 di-

306 2864 584 2931 visionis
633 2866 789 2933 dicti
843 2872 1171 2940 tractatus
1217 2869 1540 2947 meminit,
1604 2869 1802 2933 immo
1849 2867 2195 2952 praefatae
2256 2889 2360 2950 qu.
2412 2870 2472 2933 3.
2523 2867 2588 2933 O.
2638 2866 2963 2943 ΧΧΧΙΙΙ.,

494 3064 512 3095 ¹
551 3058 635 3112 Ita
672 3078 727 3113 v.
765 3077 817 3126 g.
856 3060 913 3112 in
951 3058 1093 3113 dicto
1131 3060 1200 3114 ad
1226 3078 1272 3114 c.
1299 3061 1384 3115 20.
1424 3060 1487 3114 D.
1514 3060 1607 3112 IV.
1648 3059 1715 3113 de
1752 3076 1915 3122 cons,
1953 3059 2201 3113 aHudens
2239 3059 2308 3113 ad
2335 3077 2379 3113 c.
2406 3061 2457 3112 4.
2499 3059 2556 3113 C.
2583 3058 2754 3113 XXX.
2782 3076 2871 3127 qu.
2899 3058 2966 3122 3.,

306 3155 509 3192 causas
545 3139 1066 3193 XXVII.—XXXV.
1083 3181 1097 3205 ,
1149 3140 1214 3194 de
1250 3139 1650 3211 impedimentis
1687 3139 2016 3192 matrimonii
2052 3142 2279 3206 agentes
2296 3181 2309 3203 ,
2365 3139 2527 3192 simul
2564 3137 2970 3208 comprehendit

307 3236 515 3287 easque
564 3237 725 3273 voce:
782 3228 1044 3273 tractatus
1095 3223 1330 3288 conjuyii
1375 3219 1654 3287 designat,
1712 3222 1767 3272 et
1811 3219 2254 3290 comprehensam
2303 3218 2359 3272 in
2409 3219 2502 3272 illo
2553 3221 2792 3272 tractatu
2843 3236 2966 3271 cau-

306 3316 432 3352 sam
468 3298 657 3363 XXX„
693 3299 836 3354 inter
873 3300 980 3354 alia
1019 3301 1083 3353 de
1122 3299 1440 3367 cognatione
1478 3299 1751 3370 spirituali
1788 3302 2056 3367 agentem,
2107 3317 2203 3368 per
2241 3298 2669 3366 designationem
2705 3298 2966 3351 materiae

313 3379 409 3446 (de
447 3380 917 3449 compaternitate)
961 3380 1180 3450 propius
1218 3380 1558 3444 determinat,
1598 3380 1811 3434 dicens:
1870 3380 1976 3445 ,Ut
2012 3397 2176 3449 supra
2212 3378 2269 3432 in
2305 3382 2546 3433 tractatu
2583 3379 2836 3448 conjugii,
2874 3377 2966 3430 ubi

307 3460 381 3512 de
419 3459 783 3529 compatribus
820 3461 1049 3528 agitur.“
2905 3510 2912 3516 .

455 3539 669 3594 Pariter
705 3541 761 3593 in
799 3541 830 3608 ἕ
862 3544 1035 3608 Quum
1073 3549 1247 3594 autem
1283 3544 1426 3594 vitiis
1461 3544 1812 3595 subditorum.
1853 3540 1901 3594 3.
1943 3539 2073 3593 dicti
2097 3539 2184 3594 sui
2208 3542 2333 3610 post
2358 3557 2403 3593 c.
2429 3540 2515 3594 48.
2546 3539 2602 3592 C.
2630 3539 2749 3592 VII.
2779 3556 2867 3607 qu.
2899 3539 2965 3602 1.,

309 3620 563 3674 alludens
599 3619 656 3673 in
693 3620 872 3692 specie
911 3622 978 3675 ad
1016 3639 1062 3674 c.
1101 3622 1150 3675 2.
1192 3621 1249 3676 C.
1288 3621 1485 3675 XXIII.
1527 3640 1614 3690 qu.
1653 3622 1736 3686 4.,
1785 3638 1980 3674 causas
2017 3620 2215 3674 XXIII.
2256 3622 2312 3674 et
2347 3619 2577 3684 XXIV„
2617 3637 2686 3672 ex
2722 3619 2965 3689 professo

310 3701 382 3754 de
437 3700 649 3754 haeresi
699 3704 926 3769 agentes
943 3744 955 3764 ,
1010 3702 1067 3754 in
1104 3719 1270 3755 unum
1308 3701 1686 3772 complectitur
1702 3743 1715 3765 ,
1766 3701 1867 3754 sub
1917 3700 2155 3754 nomine:
2209 3717 2400 3754 causae
2436 3701 2824 3753 haereticorum
2843 3741 2857 3768 ‚
2911 3703 2967 3752 et

310 3781 373 3836 C.
412 3780 637 3845 XXIII„
686 3780 744 3834 in
780 3781 881 3835 hoc
918 3783 1202 3852 complexu
1239 3800 1526 3836 causarum
1562 3783 1680 3835 loco
1717 3780 1888 3851 primo
1926 3783 2313 3846 occurrentem,
2352 3780 2487 3835 citat
2522 3780 2734 3834 verbis:
2789 3781 2966 3846 „Infra

370 3903 383 3916 .
424 3903 435 3915 .
474 3860 532 3914 in
558 3865 747 3929 prima
784 3878 948 3914 causa
983 3864 1419 3916 haereticorum.“
1476 3862 1582 3916 cfr.
1623 3864 1793 3915 notat.
1826 3861 1997 3930 (Corr.
2023 3861 2256 3929 Romm.)
2288 3862 2358 3915 ad
2384 3861 2473 3915 cit.
2502 3879 2618 3915 can.
2645 3862 2732 3916 48.
2761 3860 2817 3915 C.
2845 3860 2965 3914 VII.

309 3960 405 4012 qu.
435 3942 481 3995 1.
521 3941 621 3995 sub
658 3959 821 3995 voce:
861 3945 921 3994 in
948 3945 1138 4010 prima
1175 3960 1341 3995 eausa
1378 3941 1684 4012 appositam
1707 3941 1795 3994 his
1831 3941 2043 3995 verbis:
2090 3941 2331 4006 „Iudicat
2367 3958 2588 3995 causam
2625 3940 2727 4003 23„
2765 3940 2821 3992 in
2859 3957 2966 4008 qua

308 4020 547 4093 primum
585 4023 651 4075 de
688 4020 978 4075 haereticis
1016 4039 1085 4075 ex
1121 4022 1365 4092 professo
1403 4022 1632 4089 agitur.“

495 4102 515 4133 ²
554 4100 662 4155 cfr.
700 4119 755 4155 v.
794 4118 847 4168 g.
887 4101 1004 4172 ejus
1043 4101 1188 4156 dicta
1231 4101 1348 4156 init.
1391 4101 1447 4156 C.
1489 4102 1528 4155 Ι.
1568 4119 1692 4155 cum
1729 4101 1901 4172 ipsius
1940 4101 2101 4155 dictis
2137 4099 2292 4155 initio
2350 4102 2560 4169 quaest.
2602 4099 2649 4152 1.
2688 4117 2808 4167 sqq.
2848 4099 2964 4152 ead.

498 4183 517 4215 ³
554 4181 638 4235 Ita
675 4200 729 4235 v.
768 4198 822 4248 g.
859 4180 916 4234 in
952 4182 985 4248 ἓ
1028 4184 1200 4248 Quum
1236 4191 1412 4235 autem
1448 4185 1593 4235 vitiis
1627 4184 1978 4235 subditorum.
2019 4181 2068 4234 3.
2109 4180 2241 4234 dicti
2278 4180 2364 4234 sui
2400 4183 2525 4250 post
2561 4197 2607 4233 c.
2632 4180 2719 4233 48.
2761 4178 2817 4233 Ο.
2844 4179 2965 4233 VII.

309 4278 405 4330 qu.
448 4262 512 4323 1.,
551 4261 799 4314 aHudens
836 4261 906 4314 ad
943 4279 987 4315 c.
1028 4261 1077 4314 2.
1119 4260 1175 4315 C.
1215 4261 1413 4315 XXIII.
1454 4279 1506 4330 q.
1544 4262 1622 4327 4.,
1670 4261 1807 4315 citat
1843 4279 1929 4329 qu.
1970 4266 2021 4315 4.
2062 4261 2118 4314 C.
2158 4260 2356 4313 XXIII.
2394 4259 2483 4313 his
2518 4259 2731 4314 verbis:
2789 4259 2967 4324 „Infra

307 4343 383 4396 de
419 4342 714 4393 tolerandis
749 4341 936 4404 malis,
987 4340 1045 4394 in
1089 4341 1262 4412 prima
1300 4359 1464 4395 causa
1502 4340 1941 4396 haereticorum.“
1988 4372 2053 4379 —
2091 4341 2230 4394 Item
2267 4339 2323 4393 in
2359 4358 2457 4394 suo
2497 4333 2640 4393 dicto
2687 4339 2755 4392 ad
2793 4356 2838 4391 c.
2879 4339 2965 4393 20.

305 4422 380 4477 D.
417 4421 496 4474 IV
500 4463 512 4475 .
552 4422 617 4474 de
655 4438 819 4485 cons„
856 4421 1153 4492 respiciens
1190 4422 1258 4476 ad
1296 4440 1342 4475 c.
1380 4423 1430 4475 4.
1474 4422 1530 4475 C.
1557 4421 1729 4475 XXX.
1771 4439 1859 4489 qu.
1900 4422 1967 4485 3.,
2005 4420 2211 4488 allegat
2248 4439 2335 4489 qu.
2375 4425 2424 4473 3.
2466 4419 2521 4473 C.
2549 4418 2719 4472 XXX.
2757 4417 2964 4472 verbis:

312 4501 428 4568 „Ut
465 4518 628 4571 supra
665 4500 722 4554 in
758 4504 998 4555 tractatu
1023 4501 1277 4571 conjugii,
1314 4501 1407 4556 ubi
1434 4503 1499 4556 de
1525 4501 1894 4572 compatribus
1931 4500 2179 4569 agitur⁴‘;
2219 4500 2415 4569 quibus
2451 4498 2635 4554 verbis
2672 4498 2967 4554 Gratianus

301 4580 575 4650 intelligit
611 4599 803 4634 causae
837 4583 1019 4635 XXX.
1035 4622 1051 4650 ,
1101 4586 1243 4636 inter
1278 4585 1393 4636 alia
1432 4583 1497 4636 de
1534 4581 1809 4652 spirituali
1845 4581 2165 4650 cognatione
2203 4579 2420 4647 agentis
2436 4622 2449 4644 ,
2504 4583 2859 4647 quaestionem
2897 4585 2966 4648 3.‚

304 4679 455 4731 quae
492 4660 550 4714 in
585 4660 766 4732 specie
805 4662 869 4715 de
906 4661 1177 4732 spirituali
1215 4662 1666 4733 compaternitate
1704 4665 1924 4716 tractat.

492 4741 517 4777 4
555 4740 649 4795 cfr
683 4744 853 4795 notat.
896 4741 1069 4808 (Corr.
1107 4742 1340 4810 Romm.)
1385 4744 1453 4796 ad
1489 4742 1606 4796 init.
1644 4742 1709 4796 D.
1748 4742 1789 4794 I.
1830 4742 1896 4796 de
1932 4740 2164 4812 poenit,
2202 4739 2580 4811 incipientem:
2639 4739 2966 4805 „Gratianus

300 4821 383 4878 ad
421 4821 828 4890 explicandam“
873 4825 1000 4885 etc.;
1040 4823 1333 4890 Friedberq
1368 4822 1424 4875 in
1462 4822 1579 4876 citt.
1616 4821 1861 4892 prolegg.
1900 4821 2001 4875 col.
2039 4821 2132 4875 XI.
2171 4838 2253 4889 sq.
