3355 5328
1400 336 1576 406 Caput
1611 340 1706 394 VI.
1762 341 1795 408 ἓ
1833 342 1917 395 37.
2904 345 2975 398 59

498 493 558 556 3.
616 491 800 567 Quod
843 468 927 557 in·
957 495 1239 562 Decreto
1275 497 1572 566 Gratiani
1618 505 1885 584 praeter
1930 502 2362 568 auctoritates
2408 502 2727 585 genuinas
2774 503 2972 569 etiam

313 592 424 654 sat
468 589 718 655 multae
767 592 999 658 dubiae
1023 594 1065 676 ¹,
1113 594 1244 660 imo
1291 600 1361 662 et
1407 602 1588 663 certo
1635 603 1914 684 spuriae,
1965 604 2035 666 et
2077 600 2254 666 inter
2298 602 2418 666 has
2463 601 2848 667 nominatim
2880 602 2975 666 sic

315 685 533 752 dictae
583 689 924 771 decretales
969 686 1662 761 Pseudo-Isidoriande
1710 696 2120 763 adducuntur
2141 695 2184 763 ².

497 784 668 850 Item
714 785 839 851 huc
886 792 1164 871 spectat,

503 884 563 947 4.
615 883 787 964 quod
832 884 922 949 ibi
971 886 1269 972 Capitula
1314 890 1591 956 Martini
1636 893 2067 958 Bracarensis
2114 892 2257 974 (cfr.
2309 914 2510 977 supra
2549 894 2585 976 ἓ
2623 895 2754 976 11.)
2799 895 2975 959 haud

312 999 468 1044 raro
516 981 636 1045 sub
682 980 1134 1066 inscriptione:
1183 987 1513 1053 Martinus
1544 990 1734 1075 Papa
1779 990 1920 1055 vel:
1970 992 2075 1055 E'x
2109 992 2382 1056 Concilio
2430 993 2707 1057 Martini
2752 993 2975 1078 Papae

316 1076 730 1144 adducuntur
754 1076 812 1155 ³;
862 1081 1051 1162 quod,
1103 1104 1300 1165 quum
1346 1084 1496 1150 inde
1543 1107 1584 1151 a
1624 1107 1794 1170 saec.
1830 1088 1942 1153 VI.
1992 1088 2257 1153 titulus:
2306 1089 2495 1174 Papa
2541 1090 2662 1155 soli
2710 1089 2975 1154 Summo

316 1175 621 1241 Pontifici
666 1177 867 1242 tribui
915 1181 1363 1248 consuevisset
1388 1181 1432 1261 ⁴,
1494 1183 1689 1249 facile
1735 1185 1951 1268 potuit
1999 1207 2227 1251 ansam
2275 1186 2431 1252 dare
2478 1187 2828 1271 opinioniS‚
2897 1209 2974 1253 ac

316 1272 376 1337 si
421 1272 490 1338 in
533 1273 663 1339 illis
709 1274 869 1340 locis
902 1275 1148 1342 Summi
1178 1280 1511 1346 Pontificis
1558 1283 1835 1348 Martini
1865 1285 1918 1349 Ι.
1954 1282 2385 1367 (649-655),
2433 1285 2541 1367 vel
2572 1287 2849 1351 Martini
2881 1288 2969 1351 ΙΙ.

318 1369 603 1450 (Marini
649 1374 724 1456 I.,
776 1374 1176 1458 882—884),
1225 1378 1331 1442 vel
1379 1381 1656 1445 Martini
1688 1382 1815 1446 III.
1866 1379 2147 1460 (Marini
2178 1384 2290 1466 IL,
2341 1384 2721 1467 943—946)
2747 1382 2773 1420 5
2820 1405 2974 1449 con-

320 1468 700 1534 stitutiones
747 1471 1243 1541 adducerentur.

502 1570 562 1632 5.
611 1568 885 1653 Insuper
928 1570 1017 1635 ibi
1063 1571 1444 1654 frequenter
1488 1596 1915 1658 personarum
1935 1627 1948 1654 ,
1998 1577 2288 1642 locorum
2337 1582 2404 1643 et
2448 1601 2667 1644 rerum
2714 1580 2978 1645 nomina

317 1664 492 1730 falsa
540 1669 656 1730 aut
703 1672 1014 1752 corrupta
1059 1670 1465 1753 deprehensa
1511 1677 1665 1739 sunt
1688 1674 1731 1739 ⁶.

504 1848 520 1878 ²
559 1843 857 1896 Multarum
895 1843 1311 1909 auctoritatum,
1364 1844 1445 1898 uti
1481 1865 1534 1899 v.
1573 1864 1626 1914 g.
1665 1846 1908 1911 illarum,
1961 1866 2099 1916 quae
2150 1849 2207 1902 in
2245 1867 2289 1902 c.
2329 1850 2378 1904 8.
2432 1850 2495 1903 D.
2536 1849 2660 1913 XL,
2711 1850 2767 1902 in
2805 1868 2849 1903 0.
2894 1852 2974 1903 16.

319 1922 387 1976 D.
427 1922 626 1976 XVIII.
680 1927 736 1977 et
771 1923 827 1976 in
865 1941 910 1977 0.
951 1925 999 1978 3.
1051 1925 1115 1978 D.
1155 1924 1273 1978 XX.
1314 1926 1680 1991 adducuntur,
1736 1928 1858 1981 fons
1895 1927 2175 1997 hucusque
2212 1929 2469 1983 inventus
2505 1948 2611 1983 non
2649 1934 2748 1984 est.
2824 1930 2978 1983 Alias

320 2002 633 2073 hujusmodi
671 2005 1027 2059 auctoritates
1065 2005 1286 2058 adducit
1309 2007 1605 2076 Friedbeoy
1642 2007 1697 2060 in
1736 2007 1851 2061 citt.
1891 2008 2132 2078 prolegg.
2173 2009 2271 2063 001.
2299 2009 2466 2073 XLI.;
2507 2027 2535 2061 e
2563 2002 2757 2078 quibus
2794 2013 2979 2063 tamen

316 2083 633 2149 auctoritaS,
669 2083 726 2137 in
764 2102 808 2138 c.
848 2086 897 2139 4.
937 2086 1001 2138 D.
1042 2085 1186 2138 XIX.
1224 2085 1418 2155 posita,
1454 2087 1695 2141 tollenda
1733 2091 1831 2152 est,
1872 2106 2038 2157 quum
2076 2089 2201 2153 illa,
2253 2089 2334 2142 uti
2367 2090 2483 2159 jam
2520 2092 2741 2142 Richter
2778 2091 2846 2144 ad
2886 2090 2974 2144 cit.

319 2181 441 2217 can.
480 2167 589 2217 not.
629 2165 714 2218 24.
752 2165 990 2228 monuit,
1043 2169 1099 2219 et
1134 2166 1251 2235 ipse
1289 2166 1453 2219 etiam
1492 2169 1788 2235 Fiiedbery
1825 2169 1894 2222 ad
1931 2169 2086 2221 eund.
2127 2187 2245 2222 can.
2283 2173 2392 2223 not.
2433 2170 2517 2223 75.
2556 2171 2809 2237 agnovit,
2861 2189 2978 2240 pro·

318 2243 512 2296 veniat
548 2261 618 2297 ex
668 2244 898 2314 epistola
934 2245 1117 2315 Papae
1157 2247 1416 2313 Stephani
1452 2249 1509 2299 V.
1573 2248 1665 2314 (al.
1707 2248 1799 2301 VI.
1819 2290 1831 2311 ,
1882 2248 2190 2315 885-891)
2248 2250 2316 2302 ad
2362 2249 2642 2318 episcopos
2687 2249 2980 2303 orientales

318 2325 467 2388 data,
506 2342 668 2393 quam
706 2325 876 2379 edidit
915 2327 1099 2379 Mansi
1135 2327 1205 2379 ad
1242 2326 1447 2380 calcem
1484 2327 1757 2394 generalis
1784 2327 2007 2381 Concilii
2039 2330 2622 2397 Constantinopolitani
2646 2329 2738 2382 IV.
2780 2347 2826 2382 a.
2857 2330 2977 2394 869,

323 2403 551 2458 Collect.
593 2405 816 2459 Concill.
855 2409 982 2459 tom.
1023 2406 1168 2460 XVI.
1209 2406 1308 2460 col.
1346 2407 1469 2460 435.
1509 2425 1627 2476 sqq.

508 2484 528 2517 ²
564 2485 645 2538 De
669 2485 755 2539 his
781 2485 907 2539 vide
932 2488 1392 2539 Walter-Gerlach
1431 2486 1466 2540 l.
1507 2505 1553 2540 0.
1592 2486 1736 2554 ἓ95.
1776 2505 1894 2556 sqq.
1948 2488 2118 2558 Typis
2156 2489 2333 2542 editae
2370 2488 2498 2542 illae
2538 2489 2837 2542 decretales
2875 2490 2980 2558 pri-

321 2582 475 2617 mum
513 2569 642 2618 sunt
676 2565 732 2618 in
770 2567 963 2619 Jacobi
988 2568 1213 2619 Merlini
1239 2566 1566 2620 Collectione
1595 2566 1835 2632 Concill.,
1874 2567 2055 2621 Colon.
2087 2569 2240 2633 1530,
2277 2572 2406 2622 tom.
2434 2569 2474 2621 Ι.
2514 2569 2605 2622 101.
2636 2570 2682 2623 1.
2710 2587 2829 2638 sqq.
2847 2590 2860 2633 ;
2899 2588 2978 2622 re·

321 2644 655 2710 centissime,
682 2663 813 2700 cura
839 2648 1002 2700 Pauli
1026 2648 1293 2712 Hinschii‚
1331 2646 1478 2718 Lips.
1510 2647 1663 2714 1863,
1703 2648 1803 2702 sub
1828 2647 1938 2703 tit.:
1985 2649 2328 2715 „Decretales
2361 2649 2974 2704 Pseudo-Isidorianae.“

321 2724 482 2790 Quod
531 2726 599 2779 ad
637 2744 824 2780 earum
859 2727 1092 2781 indolem
1129 2727 1400 2781 internam
1444 2731 1688 2798 spectat,
1740 2729 1837 2782 cfr.
1876 2729 2186 2800 hujusmodi
2233 2730 2582 2794 decretalem,
2632 2730 2689 2784 in
2726 2748 2771 2784 c.
2812 2731 2860 2783 2.
2900 2750 2980 2800 pr.

322 2805 397 2873 ἐξ
439 2807 484 2860 1.
524 2808 573 2859 2.
612 2807 675 2860 D.
717 2807 887 2861 XXII.
933 2808 1248 2876 (Anacletus
1284 2808 1435 2877 Papa
1475 2808 1709 2876 79—91)
1752 2809 2010 2873 relatam,
2063 2827 2186 2863 cum
2223 2810 2458 2877 genuina
2505 2810 2762 2865 decretali
2800 2811 2983 2880 Papae

330 2888 541 2939 Gelasii
577 2889 622 2940 I.
662 2888 729 2941 ab
768 2905 815 2940 a.
842 2888 947 2941 495
986 2888 1076 2941 vel
1101 2888 1207 2943 496
1252 2887 1585 2958 (Friedbery,
1624 2890 1694 2942 ad
1732 2907 1776 2942 0.
1806 2889 1854 2943 3.
1894 2889 1957 2942 D.
1986 2889 2130 2943 XXI.
2170 2893 2279 2944 not.
2320 2890 2451 2957 96.)‚
2489 2890 2546 2943 in
2583 2908 2627 2943 c.
2656 2891 2704 2944 3.
2744 2890 2807 2944 D.
2836 2891 2980 2944 XXI.

322 2966 522 3036 posita.
596 2967 763 3021 Porro
810 2966 973 3021 aliam
1027 2967 1337 3039 hujusmodi
1390 2969 1750 3033 decretalem,
1806 2968 1862 3021 in
1914 2987 1957 3022 0.
2003 2971 2083 3024 10.
2125 2969 2181 3023 0.
2221 2969 2390 3023 XXX.
2445 2988 2532 3038 qu.
2573 2971 2622 3023 5.
2668 2970 2981 3037 (Eucwe'stus

322 3046 482 3116 Papa
518 3046 822 3115 loo—109)
866 3047 1201 3112 collocatam,
1240 3066 1362 3102 cum
1404 3051 1457 3101 S.
1492 3051 1716 3116 ἅτερον.
1754 3049 1827 3102 Μ.
1866 3048 2194 3116 (590-604)
2237 3050 2428 3104 Moral.
2466 3050 2522 3102 in
2561 3050 2680 3114 Job,
2718 3050 2809 3104 lib.
2837 3051 2980 3104 XIX.
3057 3075 3060 3076 ⁷

323 3143 484 3197 capp.
527 3128 609 3181 12.
665 3128 773 3192 13.,
830 3127 966 3198 Opp.
1020 3129 1102 3182 ed.
1140 3129 1371 3183 Maurin.
1448 3128 1621 3182 Paris.
1664 3130 1832 3194 1705,
1883 3132 2011 3183 tom.
2054 3131 2092 3183 Ι.
2147 3130 2246 3184 001.
2285 3130 2406 3185 613.
2446 3147 2565 3199 sqq.
2641 3130 2779 3184 Item
2816 3131 2980 3186 aliam

321 3207 497 3261 talem
535 3207 876 3272 decretalem,
913 3207 968 3260 in
1006 3225 1052 3262 0.
1084 3209 1164 3262 11.
1205 3209 1321 3262 0811.
1367 3208 1731 3276 (Eleutherius
1763 3209 1914 3279 Papa
1943 3209 2245 3277 177—190)
2287 3209 2537 3280 positam,
2575 3227 2698 3264 cum
2735 3210 2978 3264 Breviar.

322 3287 529 3341 Alaric.
574 3287 695 3354 (seu
730 3287 895 3355 Legis
931 3289 1205 3342 Romanae
1249 3288 1674 3356 Visigothorum,
1713 3306 1760 3342 a.
1796 3289 1940 3355 506.)
1983 3289 2074 3342 lib.
2113 3289 2181 3343 II.
2219 3289 2304 3343 tit.
2349 3289 2429 3343 18.
2470 3308 2514 3343 0.
2559 3291 2605 3343 1.
2650 3290 2708 3358 (l.
2752 3291 2797 3344 1.
2853 3290 2978 3344 cod.

326 3367 533 3422 Theod.
573 3369 637 3421 de
669 3368 819 3438 judd.
860 3369 926 3422 II.
970 3368 1057 3435 18)
1101 3368 1326 3439 ejusque
1364 3373 1803 3436 interpretatione
1846 3368 1952 3436 (int
2005 3369 2120 3423 Lex
2157 3369 2398 3423 Romana
2435 3369 2859 3436 Viffi’gothorum,
2898 3372 2981 3424 ed.

328 3448 565 3502 Gustav.
603 3448 829 3512 Haenel,
866 3448 1101 3502 Berolin.
1145 3449 1513 3513 1847—1849,
1552 3466 1677 3518 pag.
1718 3450 1803 3503 54.
1844 3453 1899 3503 et
1936 3450 2068 3516 56.).

510 3528 531 3562 ⁸
568 3528 653 3581 Ita
690 3547 743 3582 V.
781 3546 833 3595 g.
873 3527 930 3582 in
965 3546 1012 3582 c.
1052 3531 1100 3583 7.
1139 3528 1204 3582 D.
1244 3528 1470 3593 XXIV.;
1522 3547 1568 3583 0.
1612 3530 1657 3582 1.
1697 3529 1762 3583 D.
1801 3529 2055 3592 XXVH.;
2094 3547 2140 3583 c.
2184 3530 2265 3582 12.
2304 3529 2368 3583 D.
2409 3529 2659 3583 XXVIII.

508 3610 533 3644 4
568 3611 834 3662 Benedict.
873 3611 1027 3663 XIV.
1065 3609 1146 3662 De
1184 3610 1373 3679 synod.
1414 3609 1579 3663 dioec.
1626 3609 1731 3677 (ed.
1771 3609 1922 3663 Rom.
1966 3609 2149 3676 1755),
2187 3609 2280 3663 lib.
2322 3609 2359 3662 I.
2400 3627 2516 3678 cap.
2557 3609 2606 3663 3.
2643 3627 2696 3662 n.
2735 3610 2785 3663 4.

513 3693 533 3725 ⁵
572 3688 681 3743 011.
722 3689 787 3742 110
836 3689 924 3742 1118
961 3689 1196 3743 Summis
1235 3689 1589 3743 Pontificibus
1636 3707 1927 3758 eorumque
1979 3689 2285 3744 nominibus
2321 3691 2722 3757 Heryenrb‘ther
2735 3731 2750 3759 ‚
2803 3690 2984 3744 Hand-

325 3768 476 3823 buch
527 3770 622 3822 der
671 3768 1031 3836 allgemeinen
1068 3769 1624 3836 Kirchengeschichte
1645 3813 1657 3834 ,
1715 3770 1797 3824 ed.
1837 3771 1932 3823 III.
2006 3770 2253 3837 Friburg.
2300 3770 2357 3823 in
2393 3769 2574 3837 Brisg.
2617 3771 2984 3836 1884—1886‚

325 3854 460 3905 tom.
499 3850 568 3903 H.
608 3868 659 3919 p.
702 3851 855 3905 1062.
893 3867 976 3919 sq.
1014 3854 1071 3904 et
1106 3868 1157 3920 p.
1201 3851 1354 3905 1126.
1393 3850 1493 3904 001.
1533 3851 1581 3903 2.

512 3931 535 3967 ⁸
570 3929 650 3983 De
677 3930 873 3997 quibus
893 3930 1194 3985 defectibus
1212 3930 1431 3985 Decreti
1453 3929 1579 3984 vide
1600 3932 1728 3984 Ant.
1750 3932 2059 3999 Auyustini,
2086 3948 2251 4000 supra
2277 3930 2348 4000 (p.
2365 3930 2475 3997 44.)
2500 3932 2799 3995 memorati,
2826 3949 2984 4002 opus:

327 4011 412 4065 De
439 4010 812 4064 emendatione
839 4010 1086 4064 Gratiani
1109 4010 1377 4078 Dialogg.‚
1414 4010 1507 4064 lib.
1545 4011 1582 4064 I.
1624 4010 1820 4078 dialog.
1852 4012 1898 4064 1.
1944 4010 2022 4079 (in
2060 4013 2235 4064 Andr.
2282 4012 2595 4079 Gallandii,
2632 4010 2713 4065 De
2751 4012 2988 4066 vetustis

331 4108 600 4145 canonum
636 4089 1042 4145 collectionibus
1079 4094 1135 4145 et
1171 4091 1549 4145 collectoribus
1574 4091 2016 4145 dissertationum
2043 4090 2271 4161 sylloge.
2322 4091 2515 4145 Venet.
2546 4091 2700 4155 1778,
2739 4109 2788 4161 p.
2816 4091 2985 4159 438.)‚

332 4171 428 4240 qui
465 4189 530 4225 ea
568 4172 633 4224 de
670 4188 729 4223 re
764 4170 843 4224 ita
877 4170 1144 4239 loquitur:
1190 4170 1393 4241 „Saepe
1429 4174 1668 4225 erratum
1704 4188 1823 4224 esse
1852 4170 2008 4224 video
2033 4171 2091 4224 in
2114 4170 2419 4225 nominibus
2443 4170 2734 4235 hominum,
2771 4171 2987 4225 urbium

329 4251 735 4321 provinciarum
752 4292 764 4314 ‚
818 4250 1176 4305 conciliorum
1215 4250 1551 4319 aliarumque
1602 4269 1799 4304 rerum.
1875 4250 2047 4321 Saepe
2094 4251 2267 4305 falsae
2306 4254 2436 4305 sunt
2471 4251 2875 4321 inscriptioneS,
2932 4256 2988 4306 et

330 4350 473 4401 quae
511 4330 873 4385 Conciliorum
910 4335 1039 4384 sunt
1053 4374 1065 4396 ,
1118 4331 1440 4385 Pontificum
1477 4330 1842 4385 Maximorum
1891 4349 2013 4385 esse
2051 4331 2303 4385 dicuntur
2319 4373 2332 4394 ,
2390 4334 2445 4384 et
2483 4349 2622 4399 quae
2660 4335 2790 4385 sunt
2825 4332 2987 4386 unius

331 4412 573 4482 episcopi
608 4410 894 4475 11110110118,
930 4411 1172 4465 Romano
1210 4410 1460 4465 Pontifici
1496 4414 1593 4465 aut
1619 4411 1857 4465 Concilio
1895 4411 2136 4478 generali
2174 4412 2264 4465 vel
2300 4410 2621 4481 provinciali
2656 4411 2985 4466 tribuuntur.

330 4493 420 4547 Ex
456 4492 560 4558 hoc
596 4507 794 4558 genere
832 4494 960 4544 sunt
993 4491 1106 4555 illa,
1144 4508 1284 4560 quae
1323 4509 1391 4544 ex
1431 4490 1668 4545 Concilio
1693 4491 1918 4544 Martini
1943 4491 2126 4561 Papae
2164 4494 2261 4543 aut
2294 4490 2561 4545 Hadriani
2587 4490 2768 4560 Papae
2806 4495 2987 4546 sumta

332 4589 456 4627 esse
491 4573 757 4634 feruntur,
795 4588 933 4638 quae
970 4571 1061 4624 vel
1084 4571 1321 4624 Martino
1346 4570 1670 4625 Bracarensi
1697 4573 1753 4624 et
1788 4570 2001 4638 graecis
2028 4569 2296 4633 0011011118,
2333 4571 2424 4624 vel
2448 4570 2812 4637 Engelramno
2856 4572 2913 4640 (i.
2941 4592 2985 4626 e.

331 4652 691 4720 Angilramno
708 4692 721 4714 ,
760 4651 1009 4720 episcopo
1044 4649 1301 4718 Metensi)
1344 4650 1595 4721 episcopo
1632 4650 1722 4703 vel
1760 4651 2035 4705 Hadriano
2073 4651 2143 4704 ad
2179 4650 2603 4717 Engelramnum
2639 4651 2862 4706 inscribi
2900 4653 2987 4707 de-

331 4733 581 4787 buerunt.
654 4730 832 4784 Multa
871 4730 1142 4798 Gregorii,
1194 4730 1491 4795 Ambrosii,
1538 4730 1834 4797 Augustini
1871 4731 1962 4784 vel
1999 4730 2316 4800 Hieronymi
2353 4731 2521 4784 verba
2558 4748 2679 4785 esse
2717 4732 2986 4798 dicuntur,

335 4830 474 4882 quae
512 4815 608 4865 aut
643 4827 911 4878 nusquam
950 4814 1199 4875 exstant,
1256 4814 1351 4865 aut
1401 4810 1578 4864 aliena
1623 4814 1766 4865 sunt.
1842 4811 1943 4864 Illa
1981 4827 2193 4878 quoque
2230 4810 2349 4879 ipsa
2366 4853 2377 4874 ,
2432 4828 2571 4879 quae
2607 4811 2987 4890 inscriptiones
