3355 5328
1357 330 1534 401 Caput
1569 332 1665 386 111.
1718 331 1768 399 g.
1810 332 1927 387 163.
1972 332 2090 388 164.
2913 334 3019 389 233

545 494 650 558 20.
703 493 946 577 Corpus
978 494 1158 575 juris
1204 495 1525 576 canonici,
1586 492 1870 574 August.
1919 492 2183 560 Taurin.
2238 496 2442 573 1746,
2491 516 2576 560 ex
2620 496 3017 579 typograph.

353 590 566 672 regia,
618 592 656 654 2
704 594 931 656 tomm.
981 589 1049 654 in
1096 590 1190 656 40.
1424 676 1427 680 ¹

528 700 632 764 21.
686 698 934 782 Corpus
968 699 1149 782 juris
1196 700 1518 780 canonici,
1578 697 1880 779 Gregorii
1926 699 2103 764 XIII.
2152 699 2342 765 Pont.
2391 700 2570 766 Max.
2618 700 3017 767 auctoritate

421 846 435 861 .
487 847 501 861 .
555 795 805 861 editum
854 848 868 861 .
919 847 932 860 .
985 847 998 861 .
1050 795 1217 861 Just.
1271 796 1484 861 Hemi.
1533 796 1847 861 Boehmer
1891 796 2239 862 recensuit.
2289 796 2503 863 Halae
2549 799 2770 880 Magd.
2825 800 3016 878 1747,

353 895 392 957 2
440 897 668 959 tomm.
718 893 787 958 in
833 895 929 958 40.

533 1003 637 1067 22.
692 1002 935 1086 Corpus
967 1003 1148 1085 juris
1195 1003 1485 1065 canonici
1533 1003 1965 1066 academicum
2022 1001 2439 1068 emendatum
2487 1006 2555 1069 et
2611 1004 2785 1069 notis
2822 1005 3018 1069 Pauli

353 1099 708 1164 Laneelotti
765 1098 1168 1164 illustratum
1188 1148 1201 1175 ‚
1267 1098 1335 1162 in
1398 1097 1558 1163 duos
1617 1101 1833 1164 tomos
1896 1097 2316 1165 distributum
2377 1100 2651 1183 usuique
2703 1101 3044 1167 moderno'

223 1265 226 1268 ,
354 1196 440 1261 ad
486 1196 752 1262 modum
801 1198 1154 1281 Chr-isleph.
1190 1197 1393 1261 Henr.
1429 1197 1826 1261 Freiesleben
1871 1198 2454 1276 accommodatum,
2505 1198 2724 1265 Colon.
2759 1200 3013 1266 Munat.

336 1295 552 1373 1757,
603 1297 641 1359 2
690 1298 916 1361 tomm.
966 1294 1035 1359 in
1081 1295 1177 1359 40.

529 1395 633 1459 23.
686 1394 930 1478 Corpus
966 1395 1147 1477 juris
1194 1394 1504 1476 canonici,
1553 1392 1773 1457 Colon.
1823 1392 2075 1459 Munat.
2131 1395 2321 1470 1773,
2373 1396 2411 1457 2
2460 1394 2612 1460 voll.
2661 1393 2730 1458 in
2775 1396 2870 1460 40.
2967 1385 2970 1388 ’

528 1492 631 1556 24.
686 1492 929 1575 Corpus
961 1492 1141 1575 juris
1188 1492 1497 1574 canonici,
1548 1490 1632 1554 ad
1677 1490 1943 1554 modum
1993 1491 2344 1576 Chrisloph.
2380 1493 2584 1557 Henr.
2621 1493 3015 1559 Freiesleben

349 1589 933 1667 accommodatum,
982 1588 1183 1654 Basil.
1238 1589 1428 1665 1789,
1480 1587 1653 1671 apud
1699 1588 1844 1654 Em.
1894 1587 2343 1671 Tourneysen,
2395 1591 2433 1652 2
2480 1590 2634 1656 voll.
2683 1590 2752 1655 in
2798 1593 2893 1656 40.

528 1698 632 1761 25.
686 1697 930 1781 Corpus
963 1698 1144 1780 juris
1191 1698 1497 1761 canonici.
1592 1694 1755 1760 Post
1801 1696 1977 1760 Justi
2024 1697 2380 1781 Henninyii
2424 1697 2761 1762 Boehmeri
2822 1718 3013 1763 curas

346 1792 532 1859 brevi
597 1793 1024 1860 adnotatione
1086 1792 1313 1858 critica
1372 1793 1768 1858 instructum
1786 1827 1818 1871 ,¹
1867 1793 1952 1858 ad
2013 1794 2352 1877 exemplar
2410 1816 2753 1860 romanum
2802 1795 3011 1862 denuo

351 1891 555 1957 edidit
602 1894 916 1958 Aemilius
963 1892 1329 1957 Ludovieus
1374 1892 1653 1975 Richter,
1702 1890 1877 1974 Lips.
1933 1892 2124 1969 1839,
2176 1894 2213 1955 2
2262 1895 2488 1958 tomm.
2538 1892 2606 1957 in
2653 1894 2748 1958 40.

528 2001 633 2065 26.
686 2000 930 2084 Corpus
964 2002 1145 2083 juris
1177 2000 1485 2063 canonici.
1548 1997 1771 2063 Editio
1803 1997 2158 2080 Lipsiensis
2191 1999 2494 2065 secunda.
2557 2000 2718 2065 Post
2749 2002 3012 2065 Aemilii

346 2096 658 2162 Ludoviei
689 2099 975 2162 Richter&
1022 2117 1212 2161 curas
1260 2096 1344 2160 ad
1389 2095 1704 2160 librorum
1742 2117 1939 2160 11131111
1986 2095 2378 2179 scriptorum
2427 2100 2495 2162 et
2542 2096 2843 2163 editionis
2875 2098 3009 2163 Ro-

345 2215 580 2259 manae
612 2196 806 2260 fidem
836 2194 1221 2276 recognovit
1265 2196 1332 2259 et
1363 2192 1790 2259 adnotatione
1823 2193 2050 2259 critica
2088 2194 2405 2259 instruxit
2436 2197 2748 2261 Aemilius
2779 2197 3008 2260 Fried-

348 2292 1251 2377 her9,Lips.1879-1881‚
1303 2294 1341 2355 2
1389 2294 1617 2357 tomm.
1666 2292 1736 2356 in
1782 2293 1877 2357 40.

1153 2531 1675 2601 ARTIOULUS
1723 2531 2208 2603 SECUNDUS.

346 2689 665 2764 Nonnulla
695 2690 989 2763 subsidia
1016 2688 1350 2761 litteraria
1377 2689 1458 2762 ad
1485 2687 1839 2782 juvandum
1870 2689 2158 2763 studium
2183 2648 2478 2782 Corporis
2507 2688 2674 2784 juris
2700 2691 3007 2765 canonici.

480 2874 519 2961 ξ
566 2872 699 2943 163.
793 2875 1180 2943 Enucleatio
1228 2874 1872 2958 abbreviaturarum,
1919 2874 1990 2940 in
2038 2874 2319 2961 Corpore
2360 2875 2539 2962 juris
2588 2876 2886 2944 canonici

1427 2980 1935 3049 occurrentium.

524 3152 652 3217 Pro
699 3151 978 3217 faciliori
1011 3150 1460 3216 enucleatione
1493 3151 2125 3229 abbreviaturarum,
2175 3171 2342 3232 quae
2388 3152 2529 3215 tum
2564 3149 2634 3213 in
2681 3149 3006 3215 codicibus

346 3270 500 3315 11100.
536 3249 839 3334 Corporis
879 3249 1046 3334 juris
1094 3249 1388 3314 canonici
1435 3249 1658 3332 ejusve
1705 3248 2012 3332 partium,
2060 3252 2202 3314 tum
2249 3248 2315 3312 in
2362 3246 2835 3329 antiquioribus
2870 3248 3007 3313 edj-

344 3346 631 3412 tionibus
679 3351 1048 3426 occurrunt,
1098 3346 1363 3429 egregie
1408 3345 1777 3412 inserviunt
1821 3346 1997 3412 inter
2044 3350 2264 3411 cetera
2312 3367 2510 3428 opera
2555 3346 2751 3410 haec:

530 3447 586 3511 1.
636 3448 897 3530 Doujat,
945 3446 1282 3511 Praenott.
1334 3465 1631 3522 canonn.‚
1681 3444 1846 3508 liber
1892 3445 1971 3510 V.
2023 3465 2162 3526 cap.
2219 3446 2317 3510 18.

527 3546 585 3609 2.
635 3543 869 3609 Modus
899 3543 1162 3625 legendi
1193 3541 1695 3607 abbreviaturas
1726 3542 1794 3606 in
1825 3544 2103 3624 utroque
2128 3542 2294 3625 jure.
2358 3541 2424 3606 N
2427 3540 2773 3623 orimberg.
2811 3543 3002 3621 1482,

346 3639 782 3723 Argentorati
833 3642 1024 3721 1499,
1075 3645 1145 3707 et
1191 3639 1346 3706 alibi
1393 3640 1672 3723 saepius,

527 3742 586 3805 3.
634 3739 758 3805 Die
788 3739 1291 3805 Buchschriften
1326 3739 1440 3804 des
1472 3737 1916 3804 MittelalterS.
1965 3736 2243 3803 Vindob.
2283 3739 2473 3815 1852,
2521 3736 2589 3801 111
2634 3758 2687 3803 0.
2722 3732 2774 3803 1.
2808 3741 3004 3821 typo-

342 3837 624 3920 graphia
670 3838 860 3903 aulae
909 3840 977 3903 et
1023 3840 1256 3903 status.

525 3937 586 4001 4.
637 3937 1067 4021 Hulclloovsky,
1116 3934 1641 4000 Abbreviaturae
1682 3933 2168 4011 vocabulorum,
2216 3932 2504 3998 usitatae
2549 3933 2617 3998 in
2662 3934 3004 4017 scripturis

345 4032 694 4117 praecipue
739 4033 923 4099 latin.
974 4033 1168 4098 medii
1216 4032 1384 4110 aevi,
1432 4035 1575 4097 tum
1622 4031 1824 4097 etiam
1870 4031 2034 4097 slav,
2086 4034 2154 4096 et
2199 4052 2403 4113 germ.
2452 4031 2647 4113 Prag.
2703 4033 2892 4098 1852.

524 4139 926 4206 Praesertim
974 4144 1197 4206 autem

525 4239 586 4304 5.
634 4239 933 4322 Walther,
982 4237 1271 4303 Lexicon
1318 4235 1827 4319 diplomaticum.
1910 4235 2202 4318 Gotting.
2259 4237 2449 4315 1740,
2497 4235 2565 4300 in
2610 4236 2722 4301 fol.

1098 4435 1137 4522 ξ
1184 4432 1322 4503 164.
1413 4436 1655 4505 Lexica
1697 4436 1872 4524 juris
1922 4436 2238 4504 canonici.

523 4595 904 4661 Efficaciter
962 4593 1164 4661 etiam
1222 4593 1510 4660 studium
1557 4593 1859 4678 Corporis
1911 4594 2077 4678 juris
2137 4594 2430 4661 canonici
2476 4595 2715 4678 juvant
2760 4595 3003 4661 Lexica

339 4682 506 4776 juris
543 4693 854 4771 canonici,
902 4692 969 4757 in
1003 4691 1234 4774 quibus
1281 4691 1580 4774 singulae
1610 4713 1808 4758 voces
1854 4692 2216 4775 gravioreS‚
2264 4693 2333 4758 in
2364 4693 2648 4776 Corpore
2686 4693 2854 4776 juris
2893 4714 3003 4758 ca-

344 4790 562 4856 nonici
609 4784 1045 4869 occurrenteS‚
1095 4810 1291 4873 saepe
1340 4789 1541 4854 etiam
1573 4811 1721 4855 cum
1757 4790 2154 4872 allegatione
2185 4791 2477 4857 locorum
2508 4790 2811 4874 Corporis
2836 4790 3002 4875 juris
