3355 5328
436 328 538 382 122
1232 331 1371 386 Pars
1407 332 1475 387 Π.
1522 331 1881 387 Collectiones
1918 330 2286 386 decretalium.

612 490 794 567 Quod
834 497 1091 575 spectat
1123 492 1208 558 ad
1255 502 1515 579 tempuS,
1564 515 1691 576 quo
1723 493 2108 577 compilatio
2138 494 2301 560 haec
2332 496 2611 559 exarata
2641 491 2788 567 fuit,
2838 495 3077 556 certum

435 587 693 653 omnino
741 594 863 667 est,
912 610 1057 656 eam
1104 596 1449 658 exaratam
1495 591 1700 657 fuisse
1748 596 1904 658 ante
1949 591 2485 675 compilationem
2537 593 2824 675 quintam
2869 588 3079 671 Papae

436 686 712 752 Honorii
756 689 884 754 III.
933 687 1452 773 (1216—1227),
1510 711 1677 772 quae
1725 711 1785 755 a.
1840 691 2009 754 1226
2057 690 2164 754 vel
2212 693 2393 755 certe
2439 710 2497 754 a.
2552 689 2717 752 1227
2769 686 3081 752 adornata

434 787 536 849 est
566 781 608 862 ¹,
658 790 726 852 et
773 807 966 868 quam
1012 786 1298 853 Joannes
1343 790 1667 872 Andreae,
1713 788 1880 871 juris
1927 787 2220 854 canonici
2264 787 2332 851 in
2377 784 2829 852 Universitate
2875 784 3080 849 Bono-

434 880 642 948 niensi
688 883 1021 966 professor
1067 883 1138 967 (†
1186 885 1385 969 1348)
1410 881 1456 963 ²,
1519 886 1781 951 demum
1815 895 1962 971 post
2007 884 2542 969 compilationem
2602 891 2902 969 quartam
2947 902 3082 946 esse

433 979 821 1047 adornatam
865 987 1154 1049 testatur
1180 981 1222 1049 ³.
1289 984 1494 1049 Porro
1526 986 1781 1050 Schulte
1802 987 1825 1019 ⁴
1873 988 2085 1067 putat,
2133 982 2599 1049 verosimiliter
2645 1001 2789 1046 eam
2823 1001 2882 1046 a.
2923 981 3078 1044 1217

433 1079 541 1143 vel
594 1080 762 1144 1218
811 1100 956 1145 esse
1004 1080 1449 1164 compositam.
1543 1083 1790 1147 Verum
1838 1101 1875 1145 e
1919 1081 2140 1146 verbis
2186 1081 2465 1146 Joannis
2511 1080 2850 1162 Andreae,
2902 1077 3082 1142 modo

434 1177 797 1255 memorati,
855 1178 966 1260 qui
1011 1177 1547 1262 Gompilationem
1592 1180 1763 1245 hanc
1809 1179 2003 1263 plane
2050 1200 2091 1245 a
2136 1179 2318 1262 Papa
2362 1176 2741 1243 Innocentio
2788 1176 2905 1242 III.
2955 1174 3083 1240 fac-

432 1277 574 1340 tam
635 1295 779 1339 esse
838 1275 1046 1341 refert
1070 1275 1117 1354 ⁵,
1180 1277 1614 1359 colligendum
1675 1282 1779 1344 est
1797 1326 1812 1356 ,
1876 1297 2022 1342 eam
2081 1277 2351 1343 vivente
2410 1276 2620 1342 adhuc
2668 1274 2854 1358 Papa
2898 1274 3085 1338 Inno-

436 1375 633 1437 centio
679 1373 808 1439 ΠΙ.
859 1372 930 1455 (†
968 1376 1068 1440 16.
1102 1374 1232 1440 Jul.
1273 1375 1470 1457 1216)
1520 1395 1665 1440 5555
1713 1374 2121 1441 adornatam.

613 1468 1071 1537 characterem
1139 1472 1287 1538 huic
1356 1472 1812 1557 compilationi
1879 1472 2068 1538 multi
2138 1471 2517 1538 canonistae
2543 1466 2569 1506 ⁶
2636 1469 3086 1536 tantummodo

428 1570 758 1652 privatum
801 1569 1116 1636 tribuunt.
1196 1571 1442 1635 Verum
1489 1571 1672 1654 Papa
1717 1572 2100 1636 Benedictus
2146 1570 2334 1635 XIV.
2385 1590 2530 1634 eam
2577 1568 2645 1632 in
2691 1567 2799 1634 cit.
2853 1570 3086 1633 const:

439 1664 595 1729 Jam
635 1666 775 1749 fere
810 1676 1039 1752 semiue,
1086 1667 1155 1732 in
1198 1667 1416 1735 fronte
1460 1673 1616 1736 tom.
1651 1669 1703 1734 Ι.
1737 1668 1838 1733 5111
1868 1667 2183 1733 Bullarii⁷
2234 1667 2468 1752 posita,
2518 1664 3089 1750 compilationibus

440 1762 863 1829 decretalium
924 1764 1319 1832 auctoritate
1367 1767 1630 1852 publica
1691 1766 1886 1831 editis
1946 1769 2280 1843 accenset,
2343 1766 2496 1830 dum
2543 1786 2580 1829 e
2627 1764 2914 1846 quinque
2969 1761 3090 1826 illis

440 1860 862 1927 decretalium
921 1862 1536 1946 compilationibuS,
1605 1885 1774 1946 quae
1835 1864 2308 1946 Gregorianam
2373 1861 2799 1929 decretalium
2862 1861 3089 1925 collec-

437 1958 684 2024 tionem
731 1960 813 2025 ab
862 1982 918 2026 a.
975 1962 1145 2025 1234
1194 1966 1694 2045 praecesserant
1712 2012 1726 2041 ,
1789 1962 2241 2027 tantummodo
2306 1963 2471 2026 duas
2530 1960 2781 2044 priores
2831 1962 3092 2044 privata

438 2057 835 2123 auctoritate
881 2058 1094 2124 editas
1140 2058 1344 2124 fuisse
1391 2059 1549 2125 dicit
1573 2057 1618 2126 ⁸.
1692 2059 1808 2124 cui
1854 2059 2225 2125 sententiae
2262 2058 2482 2142 Papae
2530 2059 2861 2123 Benedicti
2908 2057 3088 2121 XIV.

439 2153 691 2220 accedit
737 2176 935 2239 supra
982 2157 1265 2222 adducta
1310 2157 1544 2223 relatio
1590 2158 1870 2223 Joannis
1915 2158 2251 2240 Andreae,
2314 2155 2667 2222 secundum
2715 2176 2914 2236 quam
2960 2153 3092 2237 ipse

434 2251 620 2336 Papa
664 2254 1067 2319 Innocentius
1114 2256 1240 2320 III.
1289 2255 1457 2320 hanc
1504 2254 2043 2339 compilationem
2090 2254 2266 2320 fecit.

627 2350 893 2416 Glossas
940 2352 1023 2417 ad
1068 2353 1237 2418 hanc
1285 2352 1854 2437 compilationem,
1919 2356 1987 2418 et
2034 2352 2292 2435 quidem
2336 2373 2524 2430 111οΧ,
2584 2354 2942 2435 postquam
2988 2349 3096 2415 ad-

437 2451 675 2514 ornata
719 2448 958 2526 fuerat,
1007 2450 1269 2534 scripsit
1300 2451 1584 2516 Joannes
1624 2453 2017 2536 Teutonicus,
2065 2451 2258 2528 idem,
2308 2450 2418 2531 qui
2451 2449 2651 2515 etiam
2698 2452 3088 2532 apparatum

437 2545 808 2627 glossarum
852 2547 1120 2613 Decreti
1168 2548 1465 2614 Gratiani
1512 2553 1972 2633 composuerat
1991 2547 2036 2614 ⁹.

625 2724 643 2757 ¹
682 2721 791 2775 cfr.
833 2722 977 2776 infra
1013 2721 1047 2790 §
1085 2722 1170 2778 68.

625 2802 645 2835 ²
685 2802 914 2871 Schulte,
950 2802 1052 2855 Die
1090 2801 1417 2857 Geschichte
1455 2804 1551 2856 der
1588 2802 1831 2868 Quellen,
1868 2806 1996 2857 tom.
2035 2802 2103 2856 11.
2143 2821 2194 2873 p.
2233 2803 2355 2858 205.
2394 2819 2513 2872 sqq.

618 2882 639 2917 ⁸
674 2882 738 2934 In
788 2881 904 2936 suis
958 2882 1204 2936 Novellis
1255 2882 1654 2936 commentariis
1710 2882 1768 2936 in
1804 2883 1985 2952 Papae
2024 2882 2274 2951 Gregorii
2310 2882 2402 2936 IX.
2444 2881 2691 2950 Quinque
2744 2879 3093 2934 decretalium

436 2960 643 3026 Libros,
680 2961 739 3014 in
775 2960 866 3015 cit.
904 2962 1110 3016 bullam
1135 2962 1545 3033 publicationis:
1584 2965 1704 3016 Rea:
1728 2965 2010 3031 pacificus,
2048 2981 2101 3017 v,
2136 2965 2447 3031 Greyoriue,
2486 2962 2526 3015 Ι.
2565 2979 2616 3014 n.
2649 2961 2731 3014 16.
2764 2960 2872 3027 (ed.
2901 2960 3091 3013 Venet.

439 3041 593 3105 1612,
630 3044 759 3095 10111.
798 3041 838 3095 Ι.
877 3041 968 3095 fol.
1009 3042 1108 3096 3.b
1147 3043 1246 3096 col.
1285 3041 1382 3109 2.).

617 3122 641 3155 ⁴
677 3120 1268 3189 Literaturgeschichte
1296 3123 1390 3176 der
1413 3121 1833 3193 compilationes
1860 3122 2130 3191 antiquae,
2156 3121 2214 3175 in
2239 3121 2355 3176 citt.
2383 3121 2565 3175 relatt.
2592 3137 2727 3175 sess,
2754 3122 2887 3173 tom.
2909 3118 3094 3173 LXVI.

442 3217 494 3270 p.
538 3200 669 3264 136;
708 3203 871 3270 Idem,
910 3201 1010 3255 Die
1049 3201 1377 3257 Geschichte
1414 3204 1509 3257 der
1545 3203 1790 3269 Quellen,
1827 3206 1956 3256 tom.
1995 3203 2035 3256 I.
2075 3221 2126 3273 p.
2166 3204 2251 3257 89.

622 3282 642 3315 ⁵
678 3281 738 3334 L.
777 3299 822 3335 c.
867 3280 1056 3352 (supra
1091 3285 1203 3337 not.
1243 3282 1316 3350 3.)
1359 3283 1576 3337 dicens:
1636 3283 1789 3352 „Ipse
1840 3281 2185 3336 Innocentius
2221 3300 2320 3352 per
2354 3281 2679 3349 magistrum
2716 3279 2779 3333 P.
2819 3280 3095 3333 Beneven-

436 3362 643 3424 tanum,
681 3361 953 3415 notarium
990 3379 1164 3426 suum,
1204 3362 1640 3432 compilationem
1675 3361 1793 3416 fieri
1828 3361 1963 3416 fecit
1978 3404 1991 3426 ‚
2030 3379 2169 3430 quae
2204 3361 2370 3415 tertia
2409 3360 2703 3414 dicebatur.
2778 3358 2853 3413 Et
2889 3359 3001 3413 fuit
3037 3359 3097 3412 de

435 3440 798 3494 decretalibus
835 3459 933 3510 per
967 3441 1147 3512 ipsum
1186 3441 1347 3496 editis
1382 3460 1555 3511 usque
1593 3442 1663 3496 ad
1700 3442 1819 3495 XII.
1859 3458 2059 3495 annum
2095 3440 2181 3495 sui
2216 3440 2579 3512 pontificatus,
2632 3440 2769 3493 Post
2806 3457 2975 3508 quam
3012 3438 3096 3492 ad·

435 3519 544 3573 huc
578 3520 711 3574 fecit
749 3522 1012 3588 quasdam
1050 3522 1187 3576 alias
1225 3522 1525 3575 decretales
1564 3526 1620 3575 et
1657 3521 1716 3574 in
1742 3520 1979 3575 concilio
2016 3521 2259 3588 generali
2300 3521 2397 3589 (sc.
2424 3519 2780 3573 Lateranensi
2804 3519 2885 3572 IV
2888 3561 2919 3583 .,
2961 3517 3098 3587 quod

438 3599 762 3669 simpliciter
816 3603 1114 3655 Concilium
1160 3604 1410 3670 yenerale
1464 3601 1571 3655 dici
1621 3602 1764 3655 solet
1779 3621 1791 3665 ;
1849 3602 1944 3655 cfr.
1983 3603 2188 3669 Doujat
2206 3643 2222 3670 ,
2279 3601 2555 3654 Praenott.
2616 3617 2842 3653 canonn.
2901 3598 2997 3652 lib.
3035 3598 3096 3651 Π.

438 3697 558 3749 cap.
589 3681 638 3733 6.
665 3698 717 3733 11.
744 3680 856 3745 ΧΙ.,
884 3682 966 3735 5ᾶ.
992 3682 1187 3735 Venet.
1218 3683 1374 3746 1717,
1398 3700 1449 3751 p.
1480 3680 1623 3748 133.)
1655 3682 1918 3749 quasdam
1944 3681 2374 3744 constitutiones
2411 3679 2623 3734 50111051
2646 3681 2731 3744 71,
2769 3679 2837 3733 (15
2871 3694 3098 3748 quarum

433 3759 619 3812 ordine
670 3759 846 3813 dicam
890 3761 1033 3815 infra
1085 3762 1150 3814 de
1202 3765 1439 3824 accusat.
1480 3778 1597 3831 cap.
1636 3760 1804 3815 Sicut.
1850 3761 1958 3829 (his
2009 3760 2205 3815 alludit
2241 3761 2276 3815 J
2278 3778 2479 3815 oannes
2516 3761 2767 3814 Andreae
2819 3760 2892 3813 ad
2947 3774 3097 3812 suam

434 3839 768 3892 notationem
803 3839 861 3892 in
896 3840 999 3894 hoc
1035 3840 1433 3894 commentario
1471 3842 1540 3895 ad
1579 3839 1926 3895 Collectionis
1964 3840 2332 3909 Gregorianae
2382 3840 2474 3894 lib.
2514 3841 2579 3894 V.
2633 3839 2720 3893 tit.
2763 3840 2811 3893 1.
2852 3856 2974 3909 cap.
3015 3838 3096 3890 25.

434 3936 580 3972 1111111.
620 3920 687 3983 3.,
727 3919 809 3972 ed.
849 3919 937 3973 cit.
976 3923 1106 3974 tom.
1134 3922 1200 3975 V.
1240 3921 1332 3975 fol.
1363 3922 1444 3976 18.
1462 3921 1513 3974 b.
1554 3920 1652 3975 col.
1685 3920 1779 3988 1.),
1817 3924 1881 3974 de
1917 3923 2110 3990 quibus
2142 3924 2269 3987 fecit
2307 3929 2560 3990 quartam
2603 3917 3093 3988 Compilationem.‘

614 3999 636 4034 ὃ
675 3998 917 4067 Schulte,
955 4000 1055 4053 Die
1093 4000 1266 4054 Lehre
1303 4017 1412 4054 von
1450 4001 1555 4055 den
1592 4000 1821 4065 Quellen
1858 4002 1952 4055 des
1988 4001 2195 4055 kathol.
2234 4000 2658 4054 Kirchenrechts
2676 4042 2689 4063 ,
2729 4018 2780 4069 p.
2822 3999 2949 4053 335.
2990 4015 3097 4065 sq.;

444 4079 609 4146 Idem,
646 4077 747 4131 Die
784 4078 1111 4133 Geschichte
1150 4081 1244 4134 der
1282 4080 1524 4145 Quellen,
1562 4083 1693 4134 tom.
1732 4081 1773 4134 I.
1813 4099 1864 4150 p.
1904 4082 1989 4135 90.

620 4160 638 4191 '¹
677 4156 881 4211 Bullar.
920 4158 1091 4222 Rom„
1131 4160 1212 4213 ed.
1251 4160 1615 4227 Luxemburg.
1659 4160 1797 4213 1727
1836 4177 1974 4229 sqq„
2011 4164 2140 4214 tom.
2179 4160 2326 4214 XVI.

615 4238 635 4273 ⁸
672 4236 808 4307 Ejus
844 4237 1013 4292 verba
1050 4238 1186 4292 haec
1223 4243 1386 4293 sunt:
1446 4240 1660 4306 „Nemo,
1700 4240 1796 4308 qui
1827 4240 1920 4311 jus
1956 4240 2301 4295 Pontificium
2338 4240 2556 4310 primia,
2609 4242 2673 4292 ut
2709 4238 2894 4309 ajunt,
2936 4237 3097 4291 labiis

435 4317 613 4371 solum
651 4317 902 4384 attigerit
921 4360 934 4382 ,
990 4318 1241 4386 ignorare
1278 4322 1461 4388 potest
1480 4362 1491 4383 ‚
1544 4322 1778 4388 quatuor
1815 4320 2068 4389 antiquas
2105 4320 2474 4375 Decretalium
2513 4318 2875 4373 collectiones
2891 4359 2907 4382 ,
2964 4334 3101 4387 quae

434 4397 802 4467 superioribus
839 4397 1072 4451 saeculis
1111 4398 1178 4451 ab
1216 4398 1451 4451 Antonio
1482 4398 1809 4466 AugustinO,
1848 4403 1904 4453 et
1940 4400 2203 4468 quintam,
2242 4417 2381 4468 quae
2418 4400 2486 4454 ab
2524 4397 2839 4452 Innocentio
2881 4397 3100 4451 Cironio

433 4475 491 4528 in
526 4476 705 4530 lucem
742 4476 975 4531 emissae
1012 4477 1235 4531 fuerunt
1251 4519 1263 4539 ,
1316 4478 1592 4532 confectas
1628 4478 1801 4532 fuisse
1818 4521 1831 4543 ,
1870 4482 2163 4547 antequam
2202 4479 2497 4547 Gregorius
2535 4478 2628 4532 IX.
2667 4495 2826 4532 suam
2861 4476 3100 4548 promul·

435 4559 610 4622 garet,
649 4573 788 4624 quae
825 4556 939 4609 vim
977 4559 1034 4610 et
1070 4556 1452 4610 auctoritatem
1489 4558 1558 4611 ad
1582 4558 1725 4612 hanc
1749 4575 1923 4626 usque
1962 4558 2104 4613 diem
2128 4563 2389 4630 perpetuo
2414 4557 2655 4613 retinuit.
2708 4557 2864 4611 Duae
2890 4556 3103 4627 primae

434 4634 649 4704 privato
686 4636 862 4689 solum
895 4635 1099 4706 judicio
1137 4635 1513 4704 sententiaque
1552 4637 1731 4691 editae
1769 4642 1920 4702 sunt3
1979 4642 2226 4693 caeterae
2276 4657 2407 4692 vero
2444 4638 2661 4709 publica
2711 4636 3095 4691 auctoritate*

615 4716 636 4749 ⁹
675 4716 902 4784 Schulte,
940 4714 1532 4782 Literaturgeschichte
1569 4716 1664 4769 der
1705 4716 2125 4787 compilationes
2162 4718 2445 4788 antiquae,
2482 4719 2539 4772 in
2576 4717 2693 4772 citt.
2731 4717 2920 4771 relatt.
2965 4733 3100 4771 sess.

436 4797 564 4848 tom.
602 4791 791 4847 LXVI.
830 4810 883 4863 p.
925 4794 1044 4848 135.
1082 4811 1203 4863 sqq.
