<?xml version="1.0" encoding="UTF-8"?>
<!DOCTYPE html PUBLIC "-//W3C//DTD XHTML 1.0 Transitional//EN"
    "http://www.w3.org/TR/xhtml1/DTD/xhtml1-transitional.dtd">
<html xmlns="http://www.w3.org/1999/xhtml" xml:lang="en" lang="en">
 <head>
  <title>
</title>
<meta http-equiv="Content-Type" content="text/html;charset=utf-8" />
  <meta name='ocr-system' content='tesseract 3.04.00' />
  <meta name='ocr-capabilities' content='ocr_page ocr_carea ocr_par ocr_line ocrx_word'/>
</head>
<body>
  <div class='ocr_page' id='page_1' title='image "./introductioinco00laurgoog_0242.png"; bbox 0 0 3355 5328; ppageno 0'>
   <div class='ocr_carea' id='block_1_1' title="bbox 350 311 2212 368">
    <p class='ocr_par' dir='ltr' id='par_1_1' title="bbox 350 311 2212 368">
     <span class='ocr_line' id='line_1_1' title="bbox 350 311 2212 368; baseline 0.001 -3"><span class='ocrx_word' id='word_1_1' title='bbox 350 311 456 366; x_wconf 85' lang='lat'>212</span> <span class='ocrx_word' id='word_1_2' title='bbox 1149 313 1288 367; x_wconf 86' lang='lat' dir='ltr'>Pars</span> <span class='ocrx_word' id='word_1_3' title='bbox 1325 313 1392 367; x_wconf 91' lang='grc' dir='ltr'>Π.</span> <span class='ocrx_word' id='word_1_4' title='bbox 1447 312 1806 366; x_wconf 78' lang='lat' dir='ltr'>collectiones</span> <span class='ocrx_word' id='word_1_5' title='bbox 1844 312 2212 368; x_wconf 80' lang='lat' dir='ltr'>decretalium.</span> 
     </span>
    </p>
   </div>
   <div class='ocr_carea' id='block_1_2' title="bbox 345 470 3020 1437">
    <p class='ocr_par' dir='ltr' id='par_1_2' title="bbox 348 470 3018 735">
     <span class='ocr_line' id='line_1_2' title="bbox 348 470 3014 558; baseline 0.003 -23"><span class='ocrx_word' id='word_1_6' title='bbox 348 470 676 537; x_wconf 87' lang='lat' dir='ltr'>indicatur</span> <span class='ocrx_word' id='word_1_7' title='bbox 720 493 842 537; x_wconf 91' lang='lat' dir='ltr'>sua</span> <span class='ocrx_word' id='word_1_8' title='bbox 888 471 1150 536; x_wconf 81' lang='lat' dir='ltr'>rubrica</span> <span class='ocrx_word' id='word_1_9' title='bbox 1197 474 1268 536; x_wconf 90' lang='lat' dir='ltr'>et</span> <span class='ocrx_word' id='word_1_10' title='bbox 1312 471 1699 554; x_wconf 90' lang='lat' dir='ltr'>plerumque</span> <span class='ocrx_word' id='word_1_11' title='bbox 1748 471 1950 536; x_wconf 89' lang='lat' dir='ltr'>etiam</span> <span class='ocrx_word' id='word_1_12' title='bbox 1998 494 2115 537; x_wconf 91' lang='lat' dir='ltr'>suo</span> <span class='ocrx_word' id='word_1_13' title='bbox 2161 495 2422 538; x_wconf 81' lang='lat' dir='ltr'>numero</span> <span class='ocrx_word' id='word_1_14' title='bbox 2456 475 2745 555; x_wconf 82' lang='lat' dir='ltr'>(latino).</span> <span class='ocrx_word' id='word_1_15' title='bbox 2817 476 2897 541; x_wconf 91' lang='lat' dir='ltr'>V.</span> <span class='ocrx_word' id='word_1_16' title='bbox 2947 497 3014 558; x_wconf 86' lang='lat' dir='ltr'>g.</span> 
     </span>
     <span class='ocr_line' id='line_1_3' title="bbox 349 568 3018 657; baseline 0.002 -22"><span class='ocrx_word' id='word_1_17' title='bbox 349 570 501 653; x_wconf 86' lang='lat' dir='ltr'>Cap.</span> <span class='ocrx_word' id='word_1_18' title='bbox 568 569 865 654; x_wconf 87' lang='lat' dir='ltr'>Suscepti</span> <span class='ocrx_word' id='word_1_19' title='bbox 922 568 1278 652; x_wconf 80' lang='lat' dir='ltr'>regiminis,</span> <span class='ocrx_word' id='word_1_20' title='bbox 1343 569 1423 633; x_wconf 94' lang='lat' dir='ltr'>de</span> <span class='ocrx_word' id='word_1_21' title='bbox 1484 569 1673 634; x_wconf 92' lang='lat' dir='ltr'>elect.</span> <span class='ocrx_word' id='word_1_22' title='bbox 1723 569 1773 634; x_wconf 94' lang='grc' dir='ltr'>Ι.</span> <span class='ocrx_word' id='word_1_23' title='bbox 1829 570 2021 636; x_wconf 84' lang='lat' dir='ltr'>Extr.</span> <span class='ocrx_word' id='word_1_24' title='bbox 2070 571 2262 636; x_wconf 87' lang='lat' dir='ltr'>Joan.</span> <span class='ocrx_word' id='word_1_25' title='bbox 2311 572 2553 649; x_wconf 87' lang='lat' dir='ltr'>XXH.;</span> <span class='ocrx_word' id='word_1_26' title='bbox 2616 594 2757 657; x_wconf 91' lang='lat' dir='ltr'>cap.</span> <span class='ocrx_word' id='word_1_27' title='bbox 2813 577 2868 640; x_wconf 90' lang='lat'>1.</span> <span class='ocrx_word' id='word_1_28' title='bbox 2933 575 3018 640; x_wconf 88' lang='lat' dir='ltr'>de</span> 
     </span>
     <span class='ocr_line' id='line_1_4' title="bbox 349 667 1376 735; baseline -0.002 -2"><span class='ocrx_word' id='word_1_29' title='bbox 349 668 538 735; x_wconf 89' lang='lat' dir='ltr'>elect.</span> <span class='ocrx_word' id='word_1_30' title='bbox 589 669 637 733; x_wconf 97' lang='lat' dir='ltr'>I.</span> <span class='ocrx_word' id='word_1_31' title='bbox 688 668 880 734; x_wconf 85' lang='lat' dir='ltr'>Extr.</span> <span class='ocrx_word' id='word_1_32' title='bbox 930 669 1121 733; x_wconf 85' lang='lat' dir='ltr'>Joan.</span> <span class='ocrx_word' id='word_1_33' title='bbox 1171 667 1376 732; x_wconf 89' lang='grc' dir='ltr'><strong>ΧΧΠ.</strong></span> 
     </span>
    </p>

    <p class='ocr_par' dir='ltr' id='par_1_3' title="bbox 345 764 3020 1224">
     <span class='ocr_line' id='line_1_5' title="bbox 527 764 3020 851; baseline 0.002 -20"><span class='ocrx_word' id='word_1_34' title='bbox 527 766 797 843; x_wconf 82' lang='lat' dir='ltr'>Quando</span> <span class='ocrx_word' id='word_1_35' title='bbox 844 789 1148 831; x_wconf 80' lang='lat' dir='ltr'>numerus</span> <span class='ocrx_word' id='word_1_36' title='bbox 1193 765 1371 830; x_wconf 92' lang='lat' dir='ltr'>tituli</span> <span class='ocrx_word' id='word_1_37' title='bbox 1418 765 1486 829; x_wconf 89' lang='lat' dir='ltr'>in</span> <span class='ocrx_word' id='word_1_38' title='bbox 1534 764 1848 830; x_wconf 79' lang='lat' dir='ltr'>citatione</span> <span class='ocrx_word' id='word_1_39' title='bbox 1908 765 2251 850; x_wconf 89' lang='lat' dir='ltr'>appositus</span> <span class='ocrx_word' id='word_1_40' title='bbox 2296 788 2428 832; x_wconf 89' lang='lat' dir='ltr'>non</span> <span class='ocrx_word' id='word_1_41' title='bbox 2478 772 2583 834; x_wconf 90' lang='lat' dir='ltr'>est</span> <span class='ocrx_word' id='word_1_42' title='bbox 2600 819 2614 847; x_wconf 95' lang='lat'>,</span> <span class='ocrx_word' id='word_1_43' title='bbox 2678 769 3020 851; x_wconf 89' lang='lat' dir='ltr'>quaeritur</span> 
     </span>
     <span class='ocr_line' id='line_1_6' title="bbox 345 862 3016 952; baseline 0.001 -23"><span class='ocrx_word' id='word_1_44' title='bbox 345 865 415 929; x_wconf 93' lang='lat' dir='ltr'>in</span> <span class='ocrx_word' id='word_1_45' title='bbox 459 864 672 929; x_wconf 90' lang='lat' dir='ltr'>indice</span> <span class='ocrx_word' id='word_1_46' title='bbox 719 864 1132 948; x_wconf 84' lang='lat' dir='ltr'>alphabetico</span> <span class='ocrx_word' id='word_1_47' title='bbox 1164 863 1573 929; x_wconf 90' lang='lat' dir='ltr'>rubricarum</span> <span class='ocrx_word' id='word_1_48' title='bbox 1616 862 1980 941; x_wconf 88' lang='lat' dir='ltr'>titulorum,</span> <span class='ocrx_word' id='word_1_49' title='bbox 2033 866 2261 930; x_wconf 92' lang='lat' dir='ltr'>eodem</span> <span class='ocrx_word' id='word_1_50' title='bbox 2307 866 2520 945; x_wconf 90' lang='lat' dir='ltr'>mod0,</span> <span class='ocrx_word' id='word_1_51' title='bbox 2570 887 2648 932; x_wconf 91' lang='lat' dir='ltr'>ac</span> <span class='ocrx_word' id='word_1_52' title='bbox 2694 889 2893 952; x_wconf 91' lang='lat' dir='ltr'>supra</span> <span class='ocrx_word' id='word_1_53' title='bbox 2932 868 3016 934; x_wconf 89' lang='lat' dir='ltr'>de</span> 
     </span>
     <span class='ocr_line' id='line_1_7' title="bbox 348 960 3014 1032; baseline 0.002 -4"><span class='ocrx_word' id='word_1_54' title='bbox 348 961 493 1028; x_wconf 90' lang='lat' dir='ltr'>aliis</span> <span class='ocrx_word' id='word_1_55' title='bbox 541 962 1030 1028; x_wconf 84' lang='lat' dir='ltr'>collectionibus</span> <span class='ocrx_word' id='word_1_56' title='bbox 1078 960 1507 1026; x_wconf 87' lang='lat' dir='ltr'>decretalium</span> <span class='ocrx_word' id='word_1_57' title='bbox 1566 960 1811 1026; x_wconf 90' lang='lat' dir='ltr'>dictum</span> <span class='ocrx_word' id='word_1_58' title='bbox 1859 965 1980 1028; x_wconf 91' lang='lat' dir='ltr'>est.</span> <span class='ocrx_word' id='word_1_59' title='bbox 2073 963 2151 1027; x_wconf 92' lang='lat' dir='ltr'>In</span> <span class='ocrx_word' id='word_1_60' title='bbox 2196 962 2409 1029; x_wconf 87' lang='lat' dir='ltr'>indice</span> <span class='ocrx_word' id='word_1_61' title='bbox 2462 965 2805 1030; x_wconf 90' lang='lat' dir='ltr'>titulorum</span> <span class='ocrx_word' id='word_1_62' title='bbox 2853 989 3014 1032; x_wconf 84' lang='lat' dir='ltr'>com-</span> 
     </span>
     <span class='ocr_line' id='line_1_8' title="bbox 347 1059 3019 1145; baseline 0.001 -19"><span class='ocrx_word' id='word_1_63' title='bbox 347 1065 528 1126; x_wconf 79' lang='lat' dir='ltr'>muni</span> <span class='ocrx_word' id='word_1_64' title='bbox 576 1060 1191 1136; x_wconf 62' lang='lat' dir='ltr'>determinationes»,</span> <span class='ocrx_word' id='word_1_65' title='bbox 1250 1059 1334 1124; x_wconf 87' lang='lat' dir='ltr'>ad</span> <span class='ocrx_word' id='word_1_66' title='bbox 1379 1060 1548 1125; x_wconf 91' lang='lat' dir='ltr'>hanc</span> <span class='ocrx_word' id='word_1_67' title='bbox 1610 1059 2061 1126; x_wconf 87' lang='lat' dir='ltr'>collectionem</span> <span class='ocrx_word' id='word_1_68' title='bbox 2108 1065 2487 1145; x_wconf 84' lang='lat' dir='ltr'>spectantes</span> <span class='ocrx_word' id='word_1_69' title='bbox 2506 1113 2520 1141; x_wconf 95' lang='lat'>,</span> <span class='ocrx_word' id='word_1_70' title='bbox 2585 1063 3019 1145; x_wconf 84' lang='lat' dir='ltr'>designantur</span> 
     </span>
     <span class='ocr_line' id='line_1_9' title="bbox 345 1157 1285 1224; baseline 0 -2"><span class='ocrx_word' id='word_1_71' title='bbox 345 1179 525 1224; x_wconf 58' lang='lat' dir='ltr'>vost:</span> <span class='ocrx_word' id='word_1_72' title='bbox 574 1159 760 1224; x_wconf 78' lang='lat' dir='ltr'>Extr.</span> <span class='ocrx_word' id='word_1_73' title='bbox 810 1159 1003 1223; x_wconf 81' lang='lat' dir='ltr'>Joan.</span> <span class='ocrx_word' id='word_1_74' title='bbox 1053 1157 1285 1222; x_wconf 91' lang='lat' dir='ltr'><strong><em>XXII.</em></strong></span> 
     </span>
    </p>

    <p class='ocr_par' dir='ltr' id='par_1_4' title="bbox 347 1254 3017 1437">
     <span class='ocr_line' id='line_1_10' title="bbox 524 1254 3017 1338; baseline 0.002 -18"><span class='ocrx_word' id='word_1_75' title='bbox 524 1257 601 1320; x_wconf 89' lang='lat' dir='ltr'>In</span> <span class='ocrx_word' id='word_1_76' title='bbox 647 1256 970 1338; x_wconf 90' lang='lat' dir='ltr'>reliquum</span> <span class='ocrx_word' id='word_1_77' title='bbox 1016 1256 1096 1320; x_wconf 91' lang='lat' dir='ltr'>de</span> <span class='ocrx_word' id='word_1_78' title='bbox 1144 1254 1459 1321; x_wconf 89' lang='lat' dir='ltr'>citatione</span> <span class='ocrx_word' id='word_1_79' title='bbox 1519 1255 1710 1338; x_wconf 90' lang='lat' dir='ltr'>hujus</span> <span class='ocrx_word' id='word_1_80' title='bbox 1772 1256 2174 1321; x_wconf 86' lang='lat' dir='ltr'>collectionis</span> <span class='ocrx_word' id='word_1_81' title='bbox 2237 1258 2466 1323; x_wconf 89' lang='lat' dir='ltr'>eadem</span> <span class='ocrx_word' id='word_1_82' title='bbox 2524 1260 2753 1326; x_wconf 88' lang='lat' dir='ltr'>valent</span> <span class='ocrx_word' id='word_1_83' title='bbox 2806 1282 2883 1325; x_wconf 91' lang='lat' dir='ltr'>ac</span> <span class='ocrx_word' id='word_1_84' title='bbox 2930 1261 3017 1325; x_wconf 89' lang='lat' dir='ltr'>de</span> 
     </span>
     <span class='ocr_line' id='line_1_11' title="bbox 347 1353 1928 1437; baseline 0.001 -19"><span class='ocrx_word' id='word_1_85' title='bbox 347 1354 661 1420; x_wconf 88' lang='lat' dir='ltr'>citatione</span> <span class='ocrx_word' id='word_1_86' title='bbox 708 1354 1183 1432; x_wconf 90' lang='lat' dir='ltr'>collectionum,</span> <span class='ocrx_word' id='word_1_87' title='bbox 1234 1374 1433 1437; x_wconf 89' lang='lat' dir='ltr'>supra</span> <span class='ocrx_word' id='word_1_88' title='bbox 1478 1353 1928 1420; x_wconf 90' lang='lat' dir='ltr'>adductarum.</span> 
     </span>
    </p>
   </div>
   <div class='ocr_carea' id='block_1_3' title="bbox 431 1560 2921 1651">
    <p class='ocr_par' dir='ltr' id='par_1_5' title="bbox 431 1560 2921 1651">
     <span class='ocr_line' id='line_1_12' title="bbox 431 1560 2921 1651; baseline 0.002 -22"><span class='ocrx_word' id='word_1_89' title='bbox 431 1563 470 1649; x_wconf 64' lang='grc' dir='ltr'><strong>ξ</strong></span> <span class='ocrx_word' id='word_1_90' title='bbox 518 1560 654 1631; x_wconf 91' lang='grc'>148.</span> <span class='ocrx_word' id='word_1_91' title='bbox 746 1563 1175 1631; x_wconf 88' lang='lat' dir='ltr'>Recentiores</span> <span class='ocrx_word' id='word_1_92' title='bbox 1223 1562 1720 1649; x_wconf 83' lang='lat' dir='ltr'>explanationes</span> <span class='ocrx_word' id='word_1_93' title='bbox 1769 1563 1836 1630; x_wconf 89' lang='lat' dir='ltr'>et</span> <span class='ocrx_word' id='word_1_94' title='bbox 1884 1562 2205 1630; x_wconf 86' lang='lat' dir='ltr'>editiones</span> <span class='ocrx_word' id='word_1_95' title='bbox 2250 1564 2447 1651; x_wconf 88' lang='lat' dir='ltr'>hujus</span> <span class='ocrx_word' id='word_1_96' title='bbox 2496 1565 2921 1634; x_wconf 78' lang='lat' dir='ltr'>collectionis,</span> 
     </span>
    </p>
   </div>
   <div class='ocr_carea' id='block_1_4' title="bbox 344 1732 3014 3288">
    <p class='ocr_par' dir='ltr' id='par_1_6' title="bbox 346 1732 3012 1897">
     <span class='ocr_line' id='line_1_13' title="bbox 522 1732 3012 1817; baseline 0.001 -18"><span class='ocrx_word' id='word_1_97' title='bbox 522 1733 834 1799; x_wconf 90' lang='lat' dir='ltr'>Publicae</span> <span class='ocrx_word' id='word_1_98' title='bbox 880 1732 1359 1817; x_wconf 89' lang='lat' dir='ltr'>praelectiones</span> <span class='ocrx_word' id='word_1_99' title='bbox 1405 1753 1603 1816; x_wconf 91' lang='lat' dir='ltr'>super</span> <span class='ocrx_word' id='word_1_100' title='bbox 1632 1734 1757 1798; x_wconf 91' lang='lat' dir='ltr'>hac</span> <span class='ocrx_word' id='word_1_101' title='bbox 1790 1732 2173 1799; x_wconf 90' lang='lat' dir='ltr'>collectione</span> <span class='ocrx_word' id='word_1_102' title='bbox 2204 1734 2809 1817; x_wconf 86' lang='lat' dir='ltr'>Extravagantium</span> <span class='ocrx_word' id='word_1_103' title='bbox 2858 1737 3012 1802; x_wconf 89' lang='lat' dir='ltr'>olim</span> 
     </span>
     <span class='ocr_line' id='line_1_14' title="bbox 346 1830 1855 1897; baseline 0 -1"><span class='ocrx_word' id='word_1_104' title='bbox 346 1830 415 1896; x_wconf 91' lang='lat' dir='ltr'>in</span> <span class='ocrx_word' id='word_1_105' title='bbox 462 1833 596 1897; x_wconf 90' lang='lat' dir='ltr'>ulla</span> <span class='ocrx_word' id='word_1_106' title='bbox 641 1832 1097 1897; x_wconf 89' lang='lat' dir='ltr'>Universitate</span> <span class='ocrx_word' id='word_1_107' title='bbox 1143 1831 1409 1896; x_wconf 88' lang='lat' dir='ltr'>habitae</span> <span class='ocrx_word' id='word_1_108' title='bbox 1456 1852 1588 1895; x_wconf 91' lang='lat' dir='ltr'>non</span> <span class='ocrx_word' id='word_1_109' title='bbox 1635 1835 1788 1897; x_wconf 90' lang='lat' dir='ltr'>sunt</span> <span class='ocrx_word' id='word_1_110' title='bbox 1815 1832 1855 1896; x_wconf 81' lang='lat'>¹.</span> 
     </span>
    </p>

    <p class='ocr_par' dir='ltr' id='par_1_7' title="bbox 344 1929 3014 2584">
     <span class='ocr_line' id='line_1_15' title="bbox 525 1929 3014 2011; baseline 0.002 -17"><span class='ocrx_word' id='word_1_111' title='bbox 525 1931 708 1995; x_wconf 89' lang='lat' dir='ltr'>Inter</span> <span class='ocrx_word' id='word_1_112' title='bbox 768 1951 913 2008; x_wconf 80' lang='lat' dir='ltr'>eOS,</span> <span class='ocrx_word' id='word_1_113' title='bbox 975 1929 1201 2011; x_wconf 91' lang='lat' dir='ltr'>utique</span> <span class='ocrx_word' id='word_1_114' title='bbox 1246 1950 1524 2011; x_wconf 78' lang='lat' dir='ltr'>paucOS,</span> <span class='ocrx_word' id='word_1_115' title='bbox 1589 1929 1695 2010; x_wconf 90' lang='lat' dir='ltr'>qui</span> <span class='ocrx_word' id='word_1_116' title='bbox 1754 1932 1905 2011; x_wconf 91' lang='lat' dir='ltr'>post</span> <span class='ocrx_word' id='word_1_117' title='bbox 1952 1930 2361 1995; x_wconf 77' lang='lat' dir='ltr'>Zenzelinum</span> <span class='ocrx_word' id='word_1_118' title='bbox 2410 1933 2488 1995; x_wconf 83' lang='lat' dir='ltr'>de</span> <span class='ocrx_word' id='word_1_119' title='bbox 2537 1933 2844 1997; x_wconf 78' lang='lat' dir='ltr'>Cassanis</span> <span class='ocrx_word' id='word_1_120' title='bbox 2890 1954 3014 1998; x_wconf 86' lang='lat' dir='ltr'>ex·-</span> 
     </span>
     <span class='ocr_line' id='line_1_16' title="bbox 344 2025 3009 2114; baseline 0.001 -21"><span class='ocrx_word' id='word_1_121' title='bbox 344 2027 708 2112; x_wconf 88' lang='lat' dir='ltr'>planationi</span> <span class='ocrx_word' id='word_1_122' title='bbox 754 2028 947 2111; x_wconf 88' lang='lat' dir='ltr'>hujus</span> <span class='ocrx_word' id='word_1_123' title='bbox 996 2026 1396 2093; x_wconf 88' lang='lat' dir='ltr'>collectionis</span> <span class='ocrx_word' id='word_1_124' title='bbox 1444 2048 1668 2091; x_wconf 90' lang='lat' dir='ltr'>curam</span> <span class='ocrx_word' id='word_1_125' title='bbox 1715 2025 2193 2109; x_wconf 90' lang='lat' dir='ltr'>impenderunt,</span> <span class='ocrx_word' id='word_1_126' title='bbox 2242 2030 2702 2094; x_wconf 87' lang='lat' dir='ltr'>memorandus</span> <span class='ocrx_word' id='word_1_127' title='bbox 2741 2034 2845 2096; x_wconf 90' lang='lat' dir='ltr'>est</span> <span class='ocrx_word' id='word_1_128' title='bbox 2868 2032 3009 2114; x_wconf 88' lang='lat' dir='ltr'>jam</span> 
     </span>
     <span class='ocr_line' id='line_1_17' title="bbox 346 2125 3011 2212; baseline 0.002 -21"><span class='ocrx_word' id='word_1_129' title='bbox 346 2148 546 2211; x_wconf 90' lang='lat' dir='ltr'>supra</span> <span class='ocrx_word' id='word_1_130' title='bbox 578 2125 666 2210; x_wconf 91' lang='lat' dir='ltr'>(p.</span> <span class='ocrx_word' id='word_1_131' title='bbox 700 2128 844 2192; x_wconf 93' lang='grc'><strong>189.</strong></span> <span class='ocrx_word' id='word_1_132' title='bbox 878 2129 1013 2191; x_wconf 91' lang='lat' dir='ltr'>not.</span> <span class='ocrx_word' id='word_1_133' title='bbox 1039 2125 1130 2207; x_wconf 84' lang='lat'>3.)</span> <span class='ocrx_word' id='word_1_134' title='bbox 1161 2125 1469 2191; x_wconf 88' lang='lat' dir='ltr'>laudatus</span> <span class='ocrx_word' id='word_1_135' title='bbox 1502 2126 1789 2190; x_wconf 79' lang='lat' dir='ltr'>Joannes</span> <span class='ocrx_word' id='word_1_136' title='bbox 1820 2126 2100 2190; x_wconf 79' lang='lat' dir='ltr'>Koelner</span> <span class='ocrx_word' id='word_1_137' title='bbox 2133 2127 2210 2190; x_wconf 82' lang='lat' dir='ltr'>de</span> <span class='ocrx_word' id='word_1_138' title='bbox 2241 2127 2533 2210; x_wconf 78' lang='lat' dir='ltr'>Vanckel,</span> <span class='ocrx_word' id='word_1_139' title='bbox 2569 2128 2679 2209; x_wconf 92' lang='lat' dir='ltr'>qui</span> <span class='ocrx_word' id='word_1_140' title='bbox 2711 2128 3011 2212; x_wconf 82' lang='lat' dir='ltr'>scripsit:</span> 
     </span>
     <span class='ocr_line' id='line_1_18' title="bbox 356 2222 3012 2311; baseline 0.002 -22"><span class='ocrx_word' id='word_1_141' title='bbox 356 2224 827 2302; x_wconf 85' lang='lat' dir='ltr'>„Summarium</span> <span class='ocrx_word' id='word_1_142' title='bbox 875 2228 943 2290; x_wconf 90' lang='lat' dir='ltr'>et</span> <span class='ocrx_word' id='word_1_143' title='bbox 989 2225 1260 2290; x_wconf 88' lang='lat' dir='ltr'>effectus</span> <span class='ocrx_word' id='word_1_144' title='bbox 1306 2222 1912 2305; x_wconf 82' lang='lat' dir='ltr'>Extravagantium</span> <span class='ocrx_word' id='word_1_145' title='bbox 1957 2223 2001 2287; x_wconf 85' lang='lat' dir='ltr'>J</span> <span class='ocrx_word' id='word_1_146' title='bbox 2004 2224 2233 2287; x_wconf 87' lang='lat' dir='ltr'>oannis</span> <span class='ocrx_word' id='word_1_147' title='bbox 2279 2224 2566 2303; x_wconf 88' lang='lat' dir='ltr'>XXH.“;</span> <span class='ocrx_word' id='word_1_148' title='bbox 2626 2227 2798 2307; x_wconf 91' lang='lat' dir='ltr'>quod</span> <span class='ocrx_word' id='word_1_149' title='bbox 2846 2249 3012 2311; x_wconf 91' lang='lat' dir='ltr'>opus</span> 
     </span>
     <span class='ocr_line' id='line_1_19' title="bbox 345 2320 3011 2406; baseline 0.002 -20"><span class='ocrx_word' id='word_1_150' title='bbox 345 2322 539 2387; x_wconf 91' lang='lat' dir='ltr'>simul</span> <span class='ocrx_word' id='word_1_151' title='bbox 586 2345 732 2387; x_wconf 90' lang='lat' dir='ltr'>cum</span> <span class='ocrx_word' id='word_1_152' title='bbox 780 2323 1071 2406; x_wconf 89' lang='lat' dir='ltr'>ejusdem</span> <span class='ocrx_word' id='word_1_153' title='bbox 1119 2321 1405 2387; x_wconf 90' lang='lat' dir='ltr'>auctoris</span> <span class='ocrx_word' id='word_1_154' title='bbox 1463 2341 1694 2404; x_wconf 89' lang='lat' dir='ltr'>opere:</span> <span class='ocrx_word' id='word_1_155' title='bbox 1766 2320 2239 2398; x_wconf 86' lang='lat' dir='ltr'>„Summarium</span> <span class='ocrx_word' id='word_1_156' title='bbox 2285 2323 2585 2388; x_wconf 85' lang='lat' dir='ltr'>textuale</span> <span class='ocrx_word' id='word_1_157' title='bbox 2632 2327 2701 2389; x_wconf 92' lang='lat' dir='ltr'>et</span> <span class='ocrx_word' id='word_1_158' title='bbox 2747 2326 3011 2391; x_wconf 90' lang='lat' dir='ltr'>conclu-</span> 
     </span>
     <span class='ocr_line' id='line_1_20' title="bbox 346 2419 3008 2504; baseline 0.002 -19"><span class='ocrx_word' id='word_1_159' title='bbox 346 2420 561 2485; x_wconf 90' lang='lat' dir='ltr'>siones</span> <span class='ocrx_word' id='word_1_160' title='bbox 617 2442 812 2504; x_wconf 89' lang='lat' dir='ltr'>super</span> <span class='ocrx_word' id='word_1_161' title='bbox 859 2420 1062 2486; x_wconf 83' lang='lat' dir='ltr'>Sexto</span> <span class='ocrx_word' id='word_1_162' title='bbox 1110 2423 1179 2485; x_wconf 92' lang='lat' dir='ltr'>et</span> <span class='ocrx_word' id='word_1_163' title='bbox 1222 2419 1675 2484; x_wconf 85' lang='lat' dir='ltr'>Clementinis“</span> <span class='ocrx_word' id='word_1_164' title='bbox 1733 2419 1977 2501; x_wconf 91' lang='lat' dir='ltr'>prodiit</span> <span class='ocrx_word' id='word_1_165' title='bbox 2022 2419 2240 2486; x_wconf 85' lang='lat' dir='ltr'>Colon.</span> <span class='ocrx_word' id='word_1_166' title='bbox 2296 2422 2499 2499; x_wconf 89' lang='grc'><strong>1483,</strong></span> <span class='ocrx_word' id='word_1_167' title='bbox 2555 2423 2757 2500; x_wconf 90' lang='grc'><strong>1488,</strong></span> <span class='ocrx_word' id='word_1_168' title='bbox 2813 2425 3008 2502; x_wconf 89' lang='grc'><strong>1493,</strong></span> 
     </span>
     <span class='ocr_line' id='line_1_21' title="bbox 351 2515 929 2584; baseline 0.002 -1"><span class='ocrx_word' id='word_1_169' title='bbox 351 2520 520 2583; x_wconf 88' lang='grc'><strong>1494</strong></span> <span class='ocrx_word' id='word_1_170' title='bbox 569 2522 637 2584; x_wconf 91' lang='lat' dir='ltr'>et</span> <span class='ocrx_word' id='word_1_171' title='bbox 689 2520 856 2583; x_wconf 84' lang='lat'>1495</span> <span class='ocrx_word' id='word_1_172' title='bbox 885 2515 929 2584; x_wconf 84' lang='lat'>².</span> 
     </span>
    </p>

    <p class='ocr_par' dir='ltr' id='par_1_8' title="bbox 344 2613 3013 3190">
     <span class='ocr_line' id='line_1_22' title="bbox 523 2613 3010 2704; baseline 0.002 -23"><span class='ocrx_word' id='word_1_173' title='bbox 523 2617 880 2682; x_wconf 90' lang='lat' dir='ltr'>Praeterea</span> <span class='ocrx_word' id='word_1_174' title='bbox 919 2618 1130 2701; x_wconf 71' lang='lat' dir='ltr'>ylossa</span> <span class='ocrx_word' id='word_1_175' title='bbox 1160 2614 1353 2699; x_wconf 86' lang='lat' dir='ltr'>hujus</span> <span class='ocrx_word' id='word_1_176' title='bbox 1400 2613 1802 2680; x_wconf 88' lang='lat' dir='ltr'>collectionis</span> <span class='ocrx_word' id='word_1_177' title='bbox 1848 2613 1916 2680; x_wconf 89' lang='lat' dir='ltr'>in</span> <span class='ocrx_word' id='word_1_178' title='bbox 1963 2614 2247 2681; x_wconf 90' lang='lat' dir='ltr'>editione</span> <span class='ocrx_word' id='word_1_179' title='bbox 2278 2615 2484 2683; x_wconf 76' lang='lat' dir='ltr'>Paris</span> <span class='ocrx_word' id='word_1_180' title='bbox 2520 2638 2578 2684; x_wconf 92' lang='lat' dir='ltr'>a.</span> <span class='ocrx_word' id='word_1_181' title='bbox 2619 2619 2789 2683; x_wconf 86' lang='lat'>1520</span> <span class='ocrx_word' id='word_1_182' title='bbox 2833 2620 3010 2704; x_wconf 86' lang='lat' dir='ltr'>apud</span> 
     </span>
     <span class='ocr_line' id='line_1_23' title="bbox 349 2711 3013 2797; baseline 0.002 -17"><span class='ocrx_word' id='word_1_183' title='bbox 349 2716 575 2781; x_wconf 81' lang='lat' dir='ltr'>Claud.</span> <span class='ocrx_word' id='word_1_184' title='bbox 643 2717 973 2780; x_wconf 79' lang='lat' dir='ltr'>Chevallon</span> <span class='ocrx_word' id='word_1_185' title='bbox 1000 2711 1045 2796; x_wconf 77' lang='lat'>³,</span> <span class='ocrx_word' id='word_1_186' title='bbox 1123 2714 1304 2796; x_wconf 90' lang='lat' dir='ltr'>cujus</span> <span class='ocrx_word' id='word_1_187' title='bbox 1367 2716 1595 2778; x_wconf 86' lang='lat' dir='ltr'>textus</span> <span class='ocrx_word' id='word_1_188' title='bbox 1660 2712 2030 2795; x_wconf 89' lang='lat' dir='ltr'>corrigendi</span> <span class='ocrx_word' id='word_1_189' title='bbox 2096 2735 2320 2779; x_wconf 88' lang='lat' dir='ltr'>curam</span> <span class='ocrx_word' id='word_1_190' title='bbox 2389 2715 2663 2797; x_wconf 85' lang='lat' dir='ltr'>gerebat</span> <span class='ocrx_word' id='word_1_191' title='bbox 2727 2719 3013 2784; x_wconf 74' lang='lat' dir='ltr'>Jacobus</span> 
     </span>
     <span class='ocr_line' id='line_1_24' title="bbox 345 2811 3011 2898; baseline 0.001 -19"><span class='ocrx_word' id='word_1_192' title='bbox 345 2815 678 2879; x_wconf 77' lang='lat' dir='ltr'>Fontanus</span> <span class='ocrx_word' id='word_1_193' title='bbox 691 2863 710 2896; x_wconf 92' lang='grc'><strong>,</strong></span> <span class='ocrx_word' id='word_1_194' title='bbox 765 2813 932 2896; x_wconf 88' lang='lat' dir='ltr'>juris</span> <span class='ocrx_word' id='word_1_195' title='bbox 989 2812 1058 2876; x_wconf 90' lang='lat' dir='ltr'>in</span> <span class='ocrx_word' id='word_1_196' title='bbox 1104 2811 1558 2877; x_wconf 89' lang='lat' dir='ltr'>Universitate</span> <span class='ocrx_word' id='word_1_197' title='bbox 1617 2811 1972 2876; x_wconf 89' lang='lat' dir='ltr'>Parisiensi</span> <span class='ocrx_word' id='word_1_198' title='bbox 2032 2812 2366 2896; x_wconf 87' lang='lat' dir='ltr'>professor</span> <span class='ocrx_word' id='word_1_199' title='bbox 2393 2811 2437 2891; x_wconf 81' lang='lat'>⁴,</span> <span class='ocrx_word' id='word_1_200' title='bbox 2500 2814 2754 2898; x_wconf 87' lang='lat' dir='ltr'>accepit</span> <span class='ocrx_word' id='word_1_201' title='bbox 2816 2817 3011 2881; x_wconf 78' lang='lat' dir='ltr'>addi-</span> 
     </span>
     <span class='ocr_line' id='line_1_25' title="bbox 344 2909 3010 3001; baseline 0 -24"><span class='ocrx_word' id='word_1_202' title='bbox 344 2914 578 2993; x_wconf 71' lang='lat' dir='ltr'>tioneS,</span> <span class='ocrx_word' id='word_1_203' title='bbox 642 2911 724 2975; x_wconf 91' lang='lat' dir='ltr'>ab</span> <span class='ocrx_word' id='word_1_204' title='bbox 773 2911 999 2975; x_wconf 90' lang='lat' dir='ltr'>eodem</span> <span class='ocrx_word' id='word_1_205' title='bbox 1048 2913 1417 2975; x_wconf 90' lang='lat' dir='ltr'>correctore</span> <span class='ocrx_word' id='word_1_206' title='bbox 1464 2909 1839 2975; x_wconf 73' lang='lat' dir='ltr'>adornatas</span> <span class='ocrx_word' id='word_1_207' title='bbox 1935 2910 2139 2975; x_wconf 90' lang='lat' dir='ltr'>Porro</span> <span class='ocrx_word' id='word_1_208' title='bbox 2189 2910 2398 2976; x_wconf 91' lang='lat' dir='ltr'>eidem</span> <span class='ocrx_word' id='word_1_209' title='bbox 2445 2911 2707 2992; x_wconf 86' lang='lat' dir='ltr'>glossae</span> <span class='ocrx_word' id='word_1_210' title='bbox 2752 2913 2820 3001; x_wconf 84' lang='lat' dir='ltr'>in</span> <span class='ocrx_word' id='word_1_211' title='bbox 2869 2913 3010 2979; x_wconf 91' lang='lat' dir='ltr'>edi-</span> 
     </span>
     <span class='ocr_line' id='line_1_26' title="bbox 344 3008 3012 3090; baseline 0.001 -16"><span class='ocrx_word' id='word_1_212' title='bbox 344 3009 523 3074; x_wconf 89' lang='lat' dir='ltr'>tione</span> <span class='ocrx_word' id='word_1_213' title='bbox 554 3008 760 3090; x_wconf 91' lang='lat' dir='ltr'>Lugd.</span> <span class='ocrx_word' id='word_1_214' title='bbox 796 3030 853 3074; x_wconf 91' lang='lat' dir='ltr'>a.</span> <span class='ocrx_word' id='word_1_215' title='bbox 895 3010 1084 3087; x_wconf 85' lang='lat'>1559,</span> <span class='ocrx_word' id='word_1_216' title='bbox 1134 3030 1174 3073; x_wconf 90' lang='lat' dir='ltr'>a</span> <span class='ocrx_word' id='word_1_217' title='bbox 1209 3009 1433 3073; x_wconf 82' lang='lat' dir='ltr'>Carolo</span> <span class='ocrx_word' id='word_1_218' title='bbox 1466 3009 1785 3073; x_wconf 77' lang='lat' dir='ltr'>Molinaeo</span> <span class='ocrx_word' id='word_1_219' title='bbox 1819 3008 1940 3089; x_wconf 83' lang='lat' dir='ltr'>(du</span> <span class='ocrx_word' id='word_1_220' title='bbox 1974 3009 2253 3090; x_wconf 81' lang='lat' dir='ltr'>Moulin)</span> <span class='ocrx_word' id='word_1_221' title='bbox 2288 3014 2538 3088; x_wconf 89' lang='lat' dir='ltr'>curata,</span> <span class='ocrx_word' id='word_1_222' title='bbox 2587 3015 3012 3078; x_wconf 81' lang='lat' dir='ltr'>accesserunt</span> 
     </span>
     <span class='ocr_line' id='line_1_27' title="bbox 345 3106 1688 3190; baseline 0 -18"><span class='ocrx_word' id='word_1_223' title='bbox 345 3106 711 3172; x_wconf 91' lang='lat' dir='ltr'>additiones</span> <span class='ocrx_word' id='word_1_224' title='bbox 758 3106 1047 3190; x_wconf 86' lang='lat' dir='ltr'>ejusdem</span> <span class='ocrx_word' id='word_1_225' title='bbox 1098 3108 1314 3172; x_wconf 81' lang='lat' dir='ltr'>Caroli</span> <span class='ocrx_word' id='word_1_226' title='bbox 1360 3107 1688 3172; x_wconf 78' lang='lat' dir='ltr'>Molinaei.</span> 
     </span>
    </p>

    <p class='ocr_par' dir='ltr' id='par_1_9' title="bbox 523 3204 3011 3288">
     <span class='ocr_line' id='line_1_28' title="bbox 523 3204 3011 3288; baseline 0.002 -20"><span class='ocrx_word' id='word_1_227' title='bbox 523 3205 803 3270; x_wconf 88' lang='lat' dir='ltr'>Brevem</span> <span class='ocrx_word' id='word_1_228' title='bbox 852 3204 1390 3270; x_wconf 88' lang='lat' dir='ltr'>commentarium</span> <span class='ocrx_word' id='word_1_229' title='bbox 1420 3204 1612 3288; x_wconf 87' lang='lat' dir='ltr'>hujus</span> <span class='ocrx_word' id='word_1_230' title='bbox 1651 3204 2051 3269; x_wconf 89' lang='lat' dir='ltr'>collectionis</span> <span class='ocrx_word' id='word_1_231' title='bbox 2100 3204 2395 3271; x_wconf 82' lang='lat' dir='ltr'>exhibuit</span> <span class='ocrx_word' id='word_1_232' title='bbox 2435 3206 2572 3288; x_wconf 87' lang='lat' dir='ltr'>jam</span> <span class='ocrx_word' id='word_1_233' title='bbox 2604 3210 3011 3273; x_wconf 89' lang='lat' dir='ltr'>memoratus</span> 
     </span>
    </p>
   </div>
   <div class='ocr_carea' id='block_1_5' title="bbox 294 3301 3011 4367">
    <p class='ocr_par' dir='ltr' id='par_1_10' title="bbox 343 3301 3006 3583">
     <span class='ocr_line' id='line_1_29' title="bbox 344 3301 3006 3387; baseline 0 -19"><span class='ocrx_word' id='word_1_234' title='bbox 344 3304 743 3387; x_wconf 74' lang='lat' dir='ltr'>Auyustinus</span> <span class='ocrx_word' id='word_1_235' title='bbox 773 3302 1086 3386; x_wconf 76' lang='lat' dir='ltr'>Barbosa,</span> <span class='ocrx_word' id='word_1_236' title='bbox 1134 3301 1202 3366; x_wconf 90' lang='lat' dir='ltr'>in</span> <span class='ocrx_word' id='word_1_237' title='bbox 1248 3301 1381 3366; x_wconf 92' lang='lat' dir='ltr'>suis</span> <span class='ocrx_word' id='word_1_238' title='bbox 1424 3302 1888 3380; x_wconf 85' lang='lat' dir='ltr'>„Collectaneis</span> <span class='ocrx_word' id='word_1_239' title='bbox 1919 3303 2279 3368; x_wconf 87' lang='lat' dir='ltr'>Doctorum</span> <span class='ocrx_word' id='word_1_240' title='bbox 2324 3303 2393 3367; x_wconf 89' lang='lat' dir='ltr'>in</span> <span class='ocrx_word' id='word_1_241' title='bbox 2433 3304 2556 3368; x_wconf 86' lang='lat' dir='ltr'>Jus</span> <span class='ocrx_word' id='word_1_242' title='bbox 2602 3304 3006 3387; x_wconf 90' lang='lat' dir='ltr'>pontificium</span> 
     </span>
     <span class='ocr_line' id='line_1_30' title="bbox 344 3401 3006 3483; baseline 0.001 -17"><span class='ocrx_word' id='word_1_243' title='bbox 344 3401 784 3479; x_wconf 90' lang='lat' dir='ltr'>universum“‚</span> <span class='ocrx_word' id='word_1_244' title='bbox 834 3401 934 3466; x_wconf 93' lang='lat' dir='ltr'>ed.</span> <span class='ocrx_word' id='word_1_245' title='bbox 967 3401 1202 3466; x_wconf 88' lang='lat' dir='ltr'>Venet.</span> <span class='ocrx_word' id='word_1_246' title='bbox 1242 3402 1411 3465; x_wconf 87' lang='grc'><strong>1716</strong></span> <span class='ocrx_word' id='word_1_247' title='bbox 1461 3421 1624 3482; x_wconf 89' lang='lat' dir='ltr'>sqq.,</span> <span class='ocrx_word' id='word_1_248' title='bbox 1673 3403 1833 3465; x_wconf 90' lang='lat' dir='ltr'>tom.</span> <span class='ocrx_word' id='word_1_249' title='bbox 1873 3401 1985 3466; x_wconf 93' lang='lat' dir='ltr'>IV.</span> <span class='ocrx_word' id='word_1_250' title='bbox 2035 3422 2097 3483; x_wconf 89' lang='lat' dir='ltr'>p.</span> <span class='ocrx_word' id='word_1_251' title='bbox 2135 3402 2530 3468; x_wconf 65' lang='lat' dir='ltr'>ssa—347.</span> <span class='ocrx_word' id='word_1_252' title='bbox 2581 3405 2650 3467; x_wconf 89' lang='lat' dir='ltr'>et</span> <span class='ocrx_word' id='word_1_253' title='bbox 2694 3405 2851 3468; x_wconf 88' lang='lat' dir='ltr'>tom.</span> <span class='ocrx_word' id='word_1_254' title='bbox 2888 3404 3006 3469; x_wconf 84' lang='lat' dir='ltr'>VI.</span> 
     </span>
     <span class='ocr_line' id='line_1_31' title="bbox 343 3501 796 3583; baseline 0 -18"><span class='ocrx_word' id='word_1_255' title='bbox 343 3521 406 3583; x_wconf 89' lang='lat' dir='ltr'>p.</span> <span class='ocrx_word' id='word_1_256' title='bbox 462 3501 606 3564; x_wconf 87' lang='grc'><strong>140.</strong></span> <span class='ocrx_word' id='word_1_257' title='bbox 657 3520 796 3581; x_wconf 88' lang='lat' dir='ltr'>sqq.</span> 
     </span>
    </p>

    <p class='ocr_par' dir='ltr' id='par_1_11' title="bbox 294 3595 3011 4367">
     <span class='ocr_line' id='line_1_32' title="bbox 523 3595 3009 3681; baseline 0 -19"><span class='ocrx_word' id='word_1_258' title='bbox 523 3597 705 3673; x_wconf 85' lang='lat' dir='ltr'>Quod</span> <span class='ocrx_word' id='word_1_259' title='bbox 753 3600 1010 3681; x_wconf 89' lang='lat' dir='ltr'>spectat</span> <span class='ocrx_word' id='word_1_260' title='bbox 1057 3597 1140 3661; x_wconf 93' lang='lat' dir='ltr'>ad</span> <span class='ocrx_word' id='word_1_261' title='bbox 1187 3596 1533 3662; x_wconf 90' lang='lat' dir='ltr'>ulteriores</span> <span class='ocrx_word' id='word_1_262' title='bbox 1595 3595 1913 3662; x_wconf 89' lang='lat' dir='ltr'>editiones</span> <span class='ocrx_word' id='word_1_263' title='bbox 1973 3597 2165 3680; x_wconf 89' lang='lat' dir='ltr'>hujus</span> <span class='ocrx_word' id='word_1_264' title='bbox 2221 3596 2622 3662; x_wconf 85' lang='lat' dir='ltr'>collectionis</span> <span class='ocrx_word' id='word_1_265' title='bbox 2667 3598 3009 3664; x_wconf 85' lang='lat' dir='ltr'>Extrava-</span> 
     </span>
     <span class='ocr_line' id='line_1_33' title="bbox 344 3694 3009 3777; baseline 0.001 -18"><span class='ocrx_word' id='word_1_266' title='bbox 344 3695 675 3777; x_wconf 91' lang='lat' dir='ltr'>gantium,</span> <span class='ocrx_word' id='word_1_267' title='bbox 741 3694 987 3759; x_wconf 85' lang='lat' dir='ltr'>Summi</span> <span class='ocrx_word' id='word_1_268' title='bbox 1045 3695 1427 3773; x_wconf 89' lang='lat' dir='ltr'>Pontifices,</span> <span class='ocrx_word' id='word_1_269' title='bbox 1492 3694 1602 3777; x_wconf 90' lang='lat' dir='ltr'>qui</span> <span class='ocrx_word' id='word_1_270' title='bbox 1646 3695 2003 3759; x_wconf 91' lang='lat' dir='ltr'>Decretum</span> <span class='ocrx_word' id='word_1_271' title='bbox 2065 3694 2364 3760; x_wconf 77' lang='lat' dir='ltr'>Gratiani</span> <span class='ocrx_word' id='word_1_272' title='bbox 2423 3695 2755 3760; x_wconf 87' lang='lat' dir='ltr'>emendari</span> <span class='ocrx_word' id='word_1_273' title='bbox 2816 3718 3009 3761; x_wconf 89' lang='lat' dir='ltr'>cura-</span> 
     </span>
     <span class='ocr_line' id='line_1_34' title="bbox 343 3792 3009 3873; baseline 0 -16"><span class='ocrx_word' id='word_1_274' title='bbox 343 3795 583 3857; x_wconf 90' lang='lat' dir='ltr'>verunt</span> <span class='ocrx_word' id='word_1_275' title='bbox 602 3843 615 3870; x_wconf 91' lang='lat'>‚</span> <span class='ocrx_word' id='word_1_276' title='bbox 682 3792 882 3857; x_wconf 89' lang='lat' dir='ltr'>etiam</span> <span class='ocrx_word' id='word_1_277' title='bbox 927 3792 1097 3856; x_wconf 88' lang='lat' dir='ltr'>hanc</span> <span class='ocrx_word' id='word_1_278' title='bbox 1144 3792 1592 3858; x_wconf 90' lang='lat' dir='ltr'>collectionem</span> <span class='ocrx_word' id='word_1_279' title='bbox 1638 3792 2243 3873; x_wconf 85' lang='lat' dir='ltr'>Extravagantium</span> <span class='ocrx_word' id='word_1_280' title='bbox 2291 3815 2330 3858; x_wconf 91' lang='lat' dir='ltr'>a</span> <span class='ocrx_word' id='word_1_281' title='bbox 2376 3793 2690 3859; x_wconf 86' lang='lat' dir='ltr'>Romanis</span> <span class='ocrx_word' id='word_1_282' title='bbox 2738 3793 3009 3859; x_wconf 85' lang='lat' dir='ltr'>Correc-</span> 
     </span>
     <span class='ocr_line' id='line_1_35' title="bbox 342 3889 3008 3957; baseline 0 -1"><span class='ocrx_word' id='word_1_283' title='bbox 342 3890 595 3956; x_wconf 89' lang='lat' dir='ltr'>toribus</span> <span class='ocrx_word' id='word_1_284' title='bbox 658 3889 922 3955; x_wconf 89' lang='lat' dir='ltr'>Decreti</span> <span class='ocrx_word' id='word_1_285' title='bbox 995 3890 1334 3956; x_wconf 81' lang='lat' dir='ltr'>Gratianei</span> <span class='ocrx_word' id='word_1_286' title='bbox 1396 3891 1724 3956; x_wconf 89' lang='lat' dir='ltr'>recenseri</span> <span class='ocrx_word' id='word_1_287' title='bbox 1798 3890 2298 3957; x_wconf 88' lang='lat' dir='ltr'>mandaverunt.</span> <span class='ocrx_word' id='word_1_288' title='bbox 2402 3891 2687 3957; x_wconf 85' lang='lat' dir='ltr'>Textum</span> <span class='ocrx_word' id='word_1_289' title='bbox 2756 3891 2838 3956; x_wconf 93' lang='lat' dir='ltr'>ab</span> <span class='ocrx_word' id='word_1_290' title='bbox 2901 3891 3008 3957; x_wconf 88' lang='lat' dir='ltr'>his</span> 
     </span>
     <span class='ocr_line' id='line_1_36' title="bbox 294 3987 3011 4074; baseline 0.001 -22"><span class='ocrx_word' id='word_1_291' title='bbox 294 4022 297 4025; x_wconf 56' lang='lat'><strong>&gt;</strong></span> <span class='ocrx_word' id='word_1_292' title='bbox 345 3987 736 4053; x_wconf 89' lang='lat' dir='ltr'>adornatum</span> <span class='ocrx_word' id='word_1_293' title='bbox 796 3988 977 4071; x_wconf 88' lang='lat' dir='ltr'>Papa</span> <span class='ocrx_word' id='word_1_294' title='bbox 1039 3990 1385 4074; x_wconf 72' lang='lat' dir='ltr'>Greqorius</span> <span class='ocrx_word' id='word_1_295' title='bbox 1431 3988 1627 4054; x_wconf 88' lang='lat' dir='ltr'><strong><em>XIII.</em></strong></span> <span class='ocrx_word' id='word_1_296' title='bbox 1677 4009 1797 4072; x_wconf 91' lang='lat' dir='ltr'>per</span> <span class='ocrx_word' id='word_1_297' title='bbox 1846 3987 1953 4054; x_wconf 93' lang='lat' dir='ltr'>cit.</span> <span class='ocrx_word' id='word_1_298' title='bbox 2004 3989 2237 4053; x_wconf 89' lang='lat' dir='ltr'>breve:</span> <span class='ocrx_word' id='word_1_299' title='bbox 2306 3990 2512 4069; x_wconf 77' lang='lat' dir='ltr'>Quum</span> <span class='ocrx_word' id='word_1_300' title='bbox 2559 4012 2686 4074; x_wconf 77' lang='lat' dir='ltr'>pro</span> <span class='ocrx_word' id='word_1_301' title='bbox 2745 4012 3011 4055; x_wconf 77' lang='lat' dir='ltr'>munere</span> 
     </span>
     <span class='ocr_line' id='line_1_37' title="bbox 333 4085 3008 4170; baseline 0.001 -20"><span class='ocrx_word' id='word_1_302' title='bbox 333 4089 684 4170; x_wconf 78' lang='lat' dir='ltr'>pastorali,</span> <span class='ocrx_word' id='word_1_303' title='bbox 734 4106 853 4169; x_wconf 90' lang='lat' dir='ltr'>pro</span> <span class='ocrx_word' id='word_1_304' title='bbox 902 4086 1279 4152; x_wconf 91' lang='lat' dir='ltr'>authentico</span> <span class='ocrx_word' id='word_1_305' title='bbox 1329 4085 1695 4151; x_wconf 87' lang='lat' dir='ltr'>declaravit</span> <span class='ocrx_word' id='word_1_306' title='bbox 1744 4107 2129 4168; x_wconf 91' lang='lat' dir='ltr'>omnemque</span> <span class='ocrx_word' id='word_1_307' title='bbox 2175 4086 2379 4169; x_wconf 92' lang='lat' dir='ltr'>ipsius</span> <span class='ocrx_word' id='word_1_308' title='bbox 2424 4087 2857 4154; x_wconf 90' lang='lat' dir='ltr'>mutationem</span> <span class='ocrx_word' id='word_1_309' title='bbox 2902 4086 3008 4152; x_wconf 89' lang='lat' dir='ltr'>in-</span> 
     </span>
     <span class='ocr_line' id='line_1_38' title="bbox 343 4182 3007 4268; baseline 0.001 -20"><span class='ocrx_word' id='word_1_310' title='bbox 343 4184 636 4249; x_wconf 84' lang='lat' dir='ltr'>terdixit.</span> <span class='ocrx_word' id='word_1_311' title='bbox 731 4183 909 4260; x_wconf 85' lang='lat' dir='ltr'>Quae</span> <span class='ocrx_word' id='word_1_312' title='bbox 958 4184 1287 4263; x_wconf 91' lang='lat' dir='ltr'>collectio,</span> <span class='ocrx_word' id='word_1_313' title='bbox 1336 4183 1432 4249; x_wconf 87' lang='lat' dir='ltr'>ita</span> <span class='ocrx_word' id='word_1_314' title='bbox 1478 4189 1717 4268; x_wconf 87' lang='lat' dir='ltr'>parata</span> <span class='ocrx_word' id='word_1_315' title='bbox 1766 4182 1986 4265; x_wconf 90' lang='lat' dir='ltr'>(simul</span> <span class='ocrx_word' id='word_1_316' title='bbox 2034 4206 2181 4249; x_wconf 89' lang='lat' dir='ltr'>cum</span> <span class='ocrx_word' id='word_1_317' title='bbox 2229 4184 2358 4250; x_wconf 88' lang='lat' dir='ltr'>alia</span> <span class='ocrx_word' id='word_1_318' title='bbox 2377 4235 2391 4264; x_wconf 94' lang='lat'>,</span> <span class='ocrx_word' id='word_1_319' title='bbox 2439 4184 2712 4250; x_wconf 88' lang='lat' dir='ltr'>inferius</span> <span class='ocrx_word' id='word_1_320' title='bbox 2758 4206 3007 4251; x_wconf 89' lang='lat' dir='ltr'>memo·-</span> 
     </span>
     <span class='ocr_line' id='line_1_39' title="bbox 339 4281 3009 4367; baseline 0.001 -21"><span class='ocrx_word' id='word_1_321' title='bbox 339 4283 550 4347; x_wconf 88' lang='lat' dir='ltr'>randa</span> <span class='ocrx_word' id='word_1_322' title='bbox 580 4281 1182 4363; x_wconf 83' lang='lat' dir='ltr'>Extravagantium</span> <span class='ocrx_word' id='word_1_323' title='bbox 1231 4282 1658 4364; x_wconf 89' lang='lat' dir='ltr'>collectione),</span> <span class='ocrx_word' id='word_1_324' title='bbox 1703 4282 1889 4365; x_wconf 87' lang='lat' dir='ltr'>jussu</span> <span class='ocrx_word' id='word_1_325' title='bbox 1924 4285 1991 4347; x_wconf 93' lang='lat' dir='ltr'>et</span> <span class='ocrx_word' id='word_1_326' title='bbox 2022 4283 2421 4349; x_wconf 86' lang='lat' dir='ltr'>auctoritate</span> <span class='ocrx_word' id='word_1_327' title='bbox 2461 4284 2748 4367; x_wconf 86' lang='lat' dir='ltr'>ejusdem</span> <span class='ocrx_word' id='word_1_328' title='bbox 2779 4284 3009 4367; x_wconf 87' lang='lat' dir='ltr'>Papae</span> 
     </span>
    </p>
   </div>
   <div class='ocr_carea' id='block_1_6' title="bbox 525 4474 2228 4545">
    <p class='ocr_par' dir='ltr' id='par_1_12' title="bbox 525 4474 2228 4545">
     <span class='ocr_line' id='line_1_40' title="bbox 525 4474 2228 4545; baseline -0.001 -15"><span class='ocrx_word' id='word_1_329' title='bbox 525 4478 541 4512; x_wconf 87' lang='lat'><strong>¹</strong></span> <span class='ocrx_word' id='word_1_330' title='bbox 584 4478 810 4545; x_wconf 78' lang='lat' dir='ltr'>Schulte,</span> <span class='ocrx_word' id='word_1_331' title='bbox 849 4475 950 4530; x_wconf 91' lang='lat' dir='ltr'>Die</span> <span class='ocrx_word' id='word_1_332' title='bbox 990 4474 1317 4529; x_wconf 85' lang='lat' dir='ltr'>Geschichte</span> <span class='ocrx_word' id='word_1_333' title='bbox 1358 4476 1451 4528; x_wconf 89' lang='lat' dir='ltr'>der</span> <span class='ocrx_word' id='word_1_334' title='bbox 1491 4474 1735 4539; x_wconf 84' lang='lat' dir='ltr'>Quellen,</span> <span class='ocrx_word' id='word_1_335' title='bbox 1774 4477 1903 4528; x_wconf 90' lang='lat' dir='ltr'>tom.</span> <span class='ocrx_word' id='word_1_336' title='bbox 1943 4474 2011 4527; x_wconf 94' lang='grc' dir='ltr'>ΙΙ.</span> <span class='ocrx_word' id='word_1_337' title='bbox 2050 4491 2101 4544; x_wconf 89' lang='lat' dir='ltr'>p.</span> <span class='ocrx_word' id='word_1_338' title='bbox 2143 4475 2228 4528; x_wconf 86' lang='lat'>65.</span> 
     </span>
    </p>
   </div>
   <div class='ocr_carea' id='block_1_7' title="bbox 525 4556 3004 4706">
    <p class='ocr_par' dir='ltr' id='par_1_13' title="bbox 525 4556 3004 4706">
     <span class='ocr_line' id='line_1_41' title="bbox 525 4556 1368 4626; baseline -0.002 -15"><span class='ocrx_word' id='word_1_339' title='bbox 525 4557 542 4589; x_wconf 85' lang='lat'><em>²</em></span> <span class='ocrx_word' id='word_1_340' title='bbox 584 4560 796 4611; x_wconf 69' lang='lat' dir='ltr'>Sele-ulte</span> <span class='ocrx_word' id='word_1_341' title='bbox 830 4557 866 4610; x_wconf 94' lang='grc'>1.</span> <span class='ocrx_word' id='word_1_342' title='bbox 907 4575 952 4611; x_wconf 85' lang='lat' dir='ltr'>c.</span> <span class='ocrx_word' id='word_1_343' title='bbox 993 4575 1044 4626; x_wconf 90' lang='lat' dir='ltr'>p.</span> <span class='ocrx_word' id='word_1_344' title='bbox 1085 4556 1206 4611; x_wconf 85' lang='lat'>384.</span> <span class='ocrx_word' id='word_1_345' title='bbox 1247 4557 1368 4610; x_wconf 87' lang='grc'><strong>506.</strong></span> 
     </span>
     <span class='ocr_line' id='line_1_42' title="bbox 525 4633 3004 4706; baseline 0 -17"><span class='ocrx_word' id='word_1_346' title='bbox 525 4638 545 4672; x_wconf 76' lang='lat'>³</span> <span class='ocrx_word' id='word_1_347' title='bbox 582 4639 801 4706; x_wconf 78' lang='lat' dir='ltr'>Bickell,</span> <span class='ocrx_word' id='word_1_348' title='bbox 841 4638 1021 4691; x_wconf 90' lang='lat' dir='ltr'>Ueber</span> <span class='ocrx_word' id='word_1_349' title='bbox 1059 4637 1144 4690; x_wconf 92' lang='lat' dir='ltr'>die</span> <span class='ocrx_word' id='word_1_350' title='bbox 1170 4635 1519 4701; x_wconf 87' lang='lat' dir='ltr'>Entstehung</span> <span class='ocrx_word' id='word_1_351' title='bbox 1556 4635 1665 4688; x_wconf 91' lang='lat' dir='ltr'>und</span> <span class='ocrx_word' id='word_1_352' title='bbox 1706 4636 1810 4689; x_wconf 90' lang='lat' dir='ltr'>den</span> <span class='ocrx_word' id='word_1_353' title='bbox 1836 4633 2096 4702; x_wconf 90' lang='lat' dir='ltr'>heutigen</span> <span class='ocrx_word' id='word_1_354' title='bbox 2122 4633 2409 4689; x_wconf 81' lang='lat' dir='ltr'>Gebrauch</span> <span class='ocrx_word' id='word_1_355' title='bbox 2448 4636 2543 4689; x_wconf 92' lang='lat' dir='ltr'>der</span> <span class='ocrx_word' id='word_1_356' title='bbox 2578 4635 2773 4689; x_wconf 89' lang='lat' dir='ltr'>beiden</span> <span class='ocrx_word' id='word_1_357' title='bbox 2804 4635 3004 4689; x_wconf 85' lang='lat' dir='ltr'>Extra—</span> 
     </span>
    </p>
   </div>
   <div class='ocr_carea' id='block_1_8' title="bbox 344 4715 2890 4866">
    <p class='ocr_par' dir='ltr' id='par_1_14' title="bbox 344 4715 2890 4866">
     <span class='ocr_line' id='line_1_43' title="bbox 344 4715 1899 4785; baseline -0.001 -15"><span class='ocrx_word' id='word_1_358' title='bbox 344 4717 1000 4785; x_wconf 86' lang='lat' dir='ltr'>vagantensammlungen</span> <span class='ocrx_word' id='word_1_359' title='bbox 1039 4718 1134 4771; x_wconf 87' lang='lat' dir='ltr'>des</span> <span class='ocrx_word' id='word_1_360' title='bbox 1176 4717 1331 4785; x_wconf 87' lang='lat' dir='ltr'>Corp.</span> <span class='ocrx_word' id='word_1_361' title='bbox 1366 4715 1473 4785; x_wconf 86' lang='lat' dir='ltr'>jur.</span> <span class='ocrx_word' id='word_1_362' title='bbox 1514 4732 1647 4778; x_wconf 66' lang='lat' dir='ltr'>can„</span> <span class='ocrx_word' id='word_1_363' title='bbox 1686 4734 1737 4784; x_wconf 88' lang='lat' dir='ltr'>p.</span> <span class='ocrx_word' id='word_1_364' title='bbox 1781 4716 1899 4770; x_wconf 86' lang='lat'>107.</span> 
     </span>
     <span class='ocr_line' id='line_1_44' title="bbox 522 4792 2890 4866; baseline 0 -18"><span class='ocrx_word' id='word_1_365' title='bbox 522 4798 546 4832; x_wconf 78' lang='lat'><em>4</em></span> <span class='ocrx_word' id='word_1_366' title='bbox 587 4798 880 4866; x_wconf 79' lang='lat' dir='ltr'>Chevillier,</span> <span class='ocrx_word' id='word_1_367' title='bbox 919 4792 1188 4864; x_wconf 69' lang='lat' dir='ltr'>L&#39;origine</span> <span class='ocrx_word' id='word_1_368' title='bbox 1228 4797 1293 4850; x_wconf 90' lang='lat' dir='ltr'>de</span> <span class='ocrx_word' id='word_1_369' title='bbox 1331 4794 1700 4864; x_wconf 90' lang='lat' dir='ltr'>l&#39;imprimerie</span> <span class='ocrx_word' id='word_1_370' title='bbox 1739 4795 1805 4848; x_wconf 90' lang='lat' dir='ltr'>de</span> <span class='ocrx_word' id='word_1_371' title='bbox 1844 4793 2018 4858; x_wconf 88' lang='lat' dir='ltr'>Paris,</span> <span class='ocrx_word' id='word_1_372' title='bbox 2058 4796 2090 4848; x_wconf 75' lang='lat' dir='ltr'>a</span> <span class='ocrx_word' id='word_1_373' title='bbox 2126 4793 2285 4848; x_wconf 88' lang='lat' dir='ltr'>Paris</span> <span class='ocrx_word' id='word_1_374' title='bbox 2326 4795 2479 4864; x_wconf 87' lang='grc'><strong>1694,</strong></span> <span class='ocrx_word' id='word_1_375' title='bbox 2517 4813 2569 4865; x_wconf 90' lang='lat' dir='ltr'>p.</span> <span class='ocrx_word' id='word_1_376' title='bbox 2612 4795 2730 4850; x_wconf 85' lang='lat'>139.</span> <span class='ocrx_word' id='word_1_377' title='bbox 2774 4795 2890 4850; x_wconf 83' lang='lat'>183.</span> 
     </span>
    </p>
   </div>
  </div>
 </body>
</html>
