3355 5328
417 301 524 357 272
1012 304 1318 374 AppendiX.
1393 304 1726 360 Introductio
1763 305 1819 358 in
1859 304 2014 375 Corp.
2047 306 2153 376 jur.
2194 306 2298 360 civ,
2337 325 2468 361 rom.

417 466 622 531 donec
666 465 756 531 ibi
802 466 955 531 inde
1016 467 1098 530 ab
1159 466 1370 531 altero
1418 466 1683 531 dimidio
1746 487 1915 532 saec.
1964 467 2204 533 XVIII.
2266 467 2632 551 peculiares
2679 467 2934 533 codices
2983 468 3073 534 ci-

414 564 580 629 viles
641 564 944 630 adornati
1005 567 1075 630 et
1118 563 1431 647 publicati
1477 568 1663 641 sunt,
1732 565 1829 630 uti
1875 587 1938 631 v.
1988 586 2051 647 g.
2117 565 2186 630 in
2232 565 2548 630 Borussia
2607 587 2666 631 a.
2722 568 2891 632 1794
2953 567 3072 632 sub

413 662 643 728 titulo:
705 664 1119 747 Allqemeines
1179 663 1548 728 Landrecht
1562 715 1581 746 ,
1646 662 1715 726 in
1764 663 1978 728 Gallia
2025 684 2084 728 a.
2140 665 2310 728 1803
2358 685 2491 747 sq.:
2556 664 2723 729 Code
2768 667 2943 749 civil,
3004 665 3073 730 in

416 760 691 826 Austria
737 782 797 826 a.
853 762 1057 826 1811:
1107 762 1522 845 Allyemeines
1568 761 1991 845 baryerliches
2039 763 2422 827 Gesetzbuch
2454 759 2493 827 ¹.

593 866 776 943 Quod
828 868 938 950 jus
998 867 1189 932 civile
1234 888 1575 933 romanum
1620 867 2105 934 Justinianeum
2125 919 2139 946 ‚
2203 873 2529 951 quatenus
2567 870 2717 953 jure
2763 869 3071 935 canonico

414 964 830 1030 emendatum
878 969 946 1031 et
993 986 1033 1030 a
1078 965 1558 1049 professoribus
1598 965 1767 1049 juris
1798 965 2317 1031 Bononiensibus
2365 967 2730 1048 glossatum
2778 971 2975 1049 atque
3004 967 3073 1032 in

415 1062 765 1127 Germania
828 1085 947 1147 pro
1001 1063 1149 1146 jure
1200 1063 1524 1129 communi
1570 1067 1907 1147 receptum
1955 1066 2095 1142 est,
2167 1066 2292 1129 Jus
2341 1067 2815 1150 pandectarum
2876 1063 3074 1145 (Pan-

413 1160 893 1243 dektenrecht),
941 1162 1047 1225 vel
1089 1161 1289 1226 etiam
1322 1163 1687 1227 Pandectae
1718 1164 1900 1246 juris
1944 1164 2146 1227 civilis
2177 1165 2451 1247 romani,
2501 1183 2538 1227 e
2585 1167 2815 1229 contra
2860 1162 3072 1246 ipsum

404 1405 680 1476 judicibus
700 1449 713 1470 ,
768 1406 826 1460 in
862 1407 1237 1461 Universitate
1275 1406 1600 1460 Bononiensi
1655 1405 1837 1476 ipsum
1875 1404 2079 1459 edoctis
2097 1448 2109 1470 ,
2164 1405 2223 1459 in
2273 1405 2432 1476 praxi
2481 1406 2684 1460 forensi
2722 1406 3070 1477 applicatum,

410 1487 506 1540 sed
563 1486 728 1539 etiam
783 1487 850 1540 ab
905 1487 1041 1558 ipsis
1095 1486 1519 1557 Imperatoribus
1540 1529 1552 1551 ,
1610 1486 1705 1554 qui
1760 1503 1820 1539 se
1875 1503 2221 1540 successores
2278 1486 2624 1554 antiquorum
2679 1488 3072 1557 Imperatorum

409 1565 772 1620 Romanorum
789 1609 801 1631 ,
856 1566 1197 1621 Constantini
1234 1567 1447 1634 Magni,
1504 1566 1876 1621 Valentiniani
1894 1609 1906 1630 ‚
1960 1566 2258 1620 Justiniani
2297 1569 2353 1620 et
2388 1566 2720 1635 reliquorum
2736 1610 2749 1631 ,
2800 1567 3076 1623 habebant

410 1648 466 1699 et
518 1646 931 1701 constitutiones
982 1664 1112 1701 suas
1163 1646 1622 1701 continuationem
1674 1646 2038 1714 legislationis
2088 1646 2307 1700 illorum
2359 1647 2750 1702 existimabant
2764 1690 2778 1714 ,
2830 1651 2888 1702 et
2922 1667 3073 1718 prae-

408 1725 601 1779 sertim
638 1726 855 1794 quidem
894 1745 926 1780 a
964 1729 1251 1781 Friderico
1289 1729 1353 1795 Ι.,
1392 1727 1606 1797 publice
1645 1730 1702 1780 et
1738 1726 2052 1780 solemniter
2087 1745 2184 1796 pro
2222 1727 2346 1795 lege
2384 1727 2633 1795 agnitum
2669 1731 2770 1782 est.
2845 1729 2929 1782 Ita
2966 1730 3068 1783 Im-

408 1809 626 1876 perator
663 1808 982 1861 Fridericus
1019 1809 1063 1861 I.
1115 1807 1172 1860 in
1219 1806 1603 1861 constitutione
1654 1824 1755 1860 sua
1803 1806 1868 1860 de
1920 1806 2073 1859 bonis
2124 1807 2442 1860 clericorum
2494 1807 2562 1860 ab
2619 1825 2666 1860 a.
2710 1808 2848 1862 1165
2907 1807 3071 1879 (apud

413 1889 585 1955 Pertz‚
623 1887 975 1941 Monumenta
1013 1887 1193 1942 Germ.
1232 1887 1361 1941 hist.
1401 1887 1530 1954 Leg.
1569 1889 1698 1940 tom.
1725 1887 1793 1940 II.
1834 1904 1884 1956 p.
1917 1885 2059 1954 139.)
2103 1886 2209 1940 ait:
2256 1886 2396 1952 „Nos
2437 1929 2448 1940 .
2491 1929 2501 1940 .
2544 1929 2555 1939 .
2596 1887 3072 1956 praedecessorum

409 1970 717 2021 nostrorum
755 1967 1003 2021 divorum
1041 1969 1427 2038 imperatorum
1445 2010 1457 2032 ,
1509 1967 1700 2035 Magni
1739 1966 2083 2020 Constantini
2133 1967 2392 2020 videlicet
2443 1969 2500 2020 et
2537 1967 2837 2021 Justiniani
2875 1972 2932 2022 et
2967 1970 3073 2023 Va-

410 2046 698 2100 lentiniani
715 2090 726 2110 ‚
782 2066 883 2102 nee
919 2066 1027 2101 non
1062 2049 1250 2102 Karoli
1288 2051 1345 2101 et
1379 2047 1671 2107 Ludowici.
1710 2046 1965 2114 vestigiis
2000 2046 2347 2100 inhaerentes
2384 2050 2442 2101 et
2476 2064 2663 2101 sacras
2698 2047 2853 2115 leges
2891 2067 3074 2102 eorum

409 2130 672 2196 tanquam
711 2128 896 2182 divina
921 2128 1141 2182 oracula
1165 2130 1522 2182 venerantes“
1567 2131 1669 2182 cet.
1727 2128 1910 2196 Atque
1947 2127 2005 2180 in
2041 2145 2141 2181 sua
2179 2126 2515 2181 ordinatione
2552 2144 2650 2182 seu
2688 2128 3074 2183 constitutione

408 2211 598 2262 contra
633 2208 991 2262 incendiarios
1029 2209 1096 2262 ab
1135 2227 1182 2262 a.
1226 2209 1361 2262 1187
1407 2208 1573 2278 (apud
1612 2210 1771 2261 Pertz
1819 2208 1855 2260 l.
1894 2225 1940 2261 c.
1980 2226 2030 2277 p.
2075 2207 2216 2275 185.)
2262 2208 2326 2261 de
2363 2207 2468 2261 hac
2505 2207 2656 2278 ipsa:
2721 2207 2939 2273 „Eam“,
2992 2208 3070 2261 in-

411 2288 545 2357 quit,
592 2289 834 2356 „legibus
871 2289 1349 2359 praedecessorum
1399 2292 1708 2341 nostrorum
1744 2287 2130 2357 imperatorum
2183 2293 2348 2356 atque
2385 2305 2578 2354 regum
2611 2287 2876 2358 jussimus
2912 2289 3072 2343 inter·

410 2368 519 2422 seri
571 2372 627 2422 et
662 2373 923 2440 perpetuo
955 2370 1077 2440 jure
1114 2368 1373 2423 servari.¹‘
1452 2369 1620 2422 Porro
1658 2368 1766 2422 huc
1802 2367 2040 2438 pertinet
2089 2367 2285 2421 similis
2337 2367 2653 2422 constitutio
2692 2368 2936 2438 ejusdem
2973 2370 3069 2422 Im-

410 2448 677 2517 peratoris
714 2451 991 2503 Friderici
1028 2451 1072 2503 I.
1113 2450 1179 2502 ab
1219 2467 1266 2503 a.
1310 2450 1447 2502 1172
1491 2448 1606 2517 (vel
1641 2448 1824 2518 potius
1864 2449 1931 2502 ab
1971 2466 2019 2502 a.
2063 2447 2244 2516 1162),
2288 2448 2347 2502 in
2388 2450 2671 2517 Canciani,
2710 2448 3070 2503 Barbarorum

409 2528 562 2596 leges
613 2529 900 2598 antiquae,
956 2530 1040 2584 ed.
1092 2530 1284 2584 Venet.
1342 2530 1475 2584 1781
1529 2546 1682 2598 sqq.,
1737 2529 1846 2583 vol.
1899 2528 1964 2582 V.
2017 2546 2069 2598 p.
2121 2529 2208 2582 47.
2248 2546 2330 2597 sq.
2352 2570 2366 2593 ,
2423 2546 2525 2583 nec
2573 2546 2682 2582 non
2731 2528 2789 2582 in
2840 2528 3074 2583 editione

413 2607 664 2680 Corporis
708 2610 816 2682 jur.
869 2609 1014 2664 civil.
1053 2613 1368 2681 stereotypa
1384 2652 1397 2675 ,
1449 2627 1579 2663 cura
1611 2609 2124 2681 jurisconsultorum
2163 2611 2408 2679 Krieqel,
2461 2611 2780 2663 Herrmann
2818 2611 2875 2661 et
2916 2610 3074 2661 Oeen·

412 2691 645 2758 brilyyen
695 2691 840 2761 Lips.
883 2692 1020 2746 1833
1058 2709 1178 2760 sqq.
1231 2691 1526 2758 evulgata,
1581 2690 1689 2744 vol.
1730 2691 1822 2744 III.
1876 2708 1927 2760 p.
1980 2690 2102 2745 886.
2154 2689 2240 2743 tit.
2279 2690 2373 2744 IV.
2427 2691 2695 2755 adducta,
2750 2706 2912 2757 quam
2962 2706 3071 2741 me-

412 2774 590 2825 morat
640 2772 805 2825 etiam
841 2774 1082 2840 Fittiny,
1138 2771 1240 2825 Die
1276 2772 1530 2839 Anfange
1583 2772 1679 2825 der
1714 2770 2112 2825 Rechtsschule
2163 2789 2230 2824 zu
2281 2771 2555 2838 Bologna,
2606 2789 2656 2840 p.
2698 2769 2814 2824 109.
2866 2771 2975 2820 not.
3015 2768 3069 2821 h.

410 2852 545 2906 Illae
582 2856 767 2922 partes
816 2851 957 2923 juris
994 2851 1174 2905 civilis
1211 2852 1419 2906 romani
1455 2854 1637 2905 autem
1658 2892 1672 2915 ,
1726 2868 1866 2919 quae
1916 2869 1949 2905 a
1999 2850 2395 2919 professoribus
2432 2847 2856 2904 Bononiensibus
2908 2864 3072 2916 expo—

411 2932 551 2987 sitae
589 2936 643 2986 et
682 2932 957 3000 glossatae
993 2950 1100 2985 non
1137 2935 1266 2986 sunt
1308 2932 1424 3001 (eas
1461 2931 1632 2985 refert
1668 2933 1907 2999 Arndt-3,
1945 2929 2229 2983 Lehrbuch
2270 2931 2366 2983 der
2401 2930 2747 2993 Pandekten,
2800 2928 2882 2981 ed.
2921 2927 3072 2982 xm.

413 3012 706 3079 Stuttgart.
750 3013 887 3068 1886
905 3055 918 3077 ,
969 3012 1002 3079 ἓ
1039 3013 1089 3066 2.
1129 3015 1239 3066 not.
1280 3011 1354 3080 3.)
1376 3054 1388 3076 ,
1426 3012 1484 3065 in
1522 3011 1816 3065 Germania
1851 3011 1967 3064 vim
2003 3010 2144 3078 legis
2180 3028 2287 3064 non
2324 3010 2690 3064 obtinuerunt.
2762 3008 2920 3062 Unde
2956 3011 3079 3062 orta

413 3096 500 3148 est
550 3093 741 3147 dictio:
796 3095 988 3161 „Quod
1026 3110 1135 3146 non
1174 3096 1412 3160 ayne-scit
1458 3094 1635 3160 yles-sa
1649 3133 1665 3160 ‚
1718 3109 1828 3145 non
1866 3095 2104 3159 aynoscit
2142 3089 2352 3145 curia.“
2408 3090 2695 3159 (Saviyny,
2748 3087 3078 3143 Geschichte

415 3176 510 3228 des
535 3182 667 3227 rom.
695 3173 901 3227 Rechts
939 3173 1014 3226 im
1038 3173 1378 3237 Mittelalter,
1416 3175 1546 3227 tom.
1573 3172 1667 3224 ΠΙ.
1708 3190 1742 3241 p
1785 3172 1939 3235 420.;
1977 3189 2028 3241 p.
2058 3171 2179 3226 588.
2207 3170 2313 3238 sq.)
2367 3171 2564 3224 Partes
2597 3170 2737 3240 juris
2776 3168 2957 3223 civilis
2993 3186 3076 3221 ro-

413 3254 576 3319 mani,
615 3254 693 3308 ita
730 3254 787 3307 in
813 3253 1104 3308 Germania
1141 3271 1237 3323 pro
1270 3253 1393 3324 jure
1431 3251 1583 3307 civili
1607 3254 1877 3321 receptae,
1916 3269 2024 3304 una
2051 3269 2175 3304 cum
2200 3250 2574 3321 spectantibus
2612 3249 2682 3302 ad
2709 3266 2804 3302 eas
2829 3248 3072 3319 partibus

415 3334 667 3405 Corporis
699 3334 838 3404 juris
877 3334 1135 3398 canonici,
1173 3333 1433 3387 videlicet
1468 3334 1700 3387 Decreto
1729 3330 1993 3395 Gratiani,
2031 3331 2408 3385 Decretalibus
2447 3330 2631 3399 Papae
2671 3328 2926 3396 Gregorii
2963 3327 3066 3390 IX.‚

412 3415 574 3469 Libro
626 3415 792 3468 Sexto
830 3414 1013 3485 Papae
1050 3413 1320 3469 Bonifacii
1356 3414 1502 3469 VHI.
1561 3416 1615 3467 et
1655 3411 2143 3466 Constitutionibus
2181 3411 2363 3481 Papae
2403 3408 2697 3463 Clementis
2735 3409 2822 3472 V.,
2863 3440 2931 3448 —
2968 3407 3068 3462 col·

414 3495 737 3549 lectionibus
764 3495 978 3562 Viginti
1000 3494 1499 3562 Extravagantium
1523 3494 1708 3563 Papae
1744 3492 1779 3546 J
1781 3492 1971 3547 oannis
1996 3491 2170 3545 XXII.
2209 3495 2373 3558 atque
2400 3489 2900 3557 Extravagantium
2937 3505 3075 3543 com-

414 3575 660 3629 munium
712 3578 955 3645 exclusis,
992 3606 1061 3613 -
1099 3575 1354 3629 vocibus:
1393 3578 1492 3643 jus
1529 3591 1801 3627 commune
1843 3572 2142 3641 (gemeines
2178 3570 2376 3637 Recht)
2420 3572 2477 3623 et
2515 3573 2612 3637 jus
2660 3573 2922 3637 scriptum
2963 3568 3076 3636 (ge—

416 3657 763 3711 schriebenes
800 3656 1005 3721 Recht,
1058 3656 1222 3709 etiam
1273 3656 1331 3709 in
1381 3673 1604 3708 numero
1655 3652 1888 3724 plurali:
1942 3652 2328 3720 geschriebene
2367 3648 2596 3717 Rechte)
2643 3647 2918 3716 designari
2955 3666 3078 3702 con-

415 3740 729 3791 sueverunt.
785 3736 893 3790 Cfr.
934 3736 1039 3790 huc
1075 3754 1354 3790 recessum
1391 3734 1611 3805 Imperii
1648 3734 1716 3788 ab
1755 3752 1803 3787 a.
1847 3733 1984 3786 1342
2028 3732 2194 3803 (apud
2230 3732 2639 3799 Emminqhaus,
2680 3728 2886 3799 Corpus
2925 3727 3076 3781 Juris

416 3817 727 3872 Germanici
761 3820 877 3870 tam
912 3816 1117 3886 publici
1154 3834 1317 3885 quam
1354 3815 1558 3886 privati
1595 3814 1963 3868 academicum
1980 3856 1993 3877 ,
2046 3813 2127 3866 ed.
2167 3813 2234 3866 Π.
2276 3812 2448 3865 Jenae
2487 3811 2627 3864 1844
2664 3827 2801 3878 sqq„
2853 3811 2991 3878 part.
3030 3809 3073 3871 I,

415 3917 466 3968 p.
495 3898 628 3966 58.).
679 3897 847 3951 Porro
886 3897 1127 3950 ordinem
1163 3914 1451 3968 processus
1489 3897 1783 3949 tribunalis
1812 3895 2067 3948 Gamerae
2105 3895 2333 3960 Imperii
2362 3887 3069 3960 (Reichskammergericht)

415 3978 483 4031 ab
522 3997 570 4032 a.
613 3979 750 4032 1495
795 3976 961 4047 (apud
997 3980 1238 4045 Bo‘ckinq
1272 3978 1309 4030 1.
1349 3995 1394 4031 6.
1433 3979 1562 4030 tom.
1602 3976 1642 4029 Ι.
1682 3993 1733 4045 p.
1778 3975 1896 4028 114.
1936 3990 2017 4041 sq.
2055 3975 2166 4026 not.
2208 3972 2337 4040 76.).
2412 3971 2706 4024 Praeterea
2756 3967 3070 4039 propositio-

414 4077 555 4123 nem,
594 4077 626 4112 a
654 4057 928 4112 Cardinali
954 4061 1223 4111 Alamano
1250 4059 1517 4110 Adimaro
1540 4055 1598 4109 in
1625 4054 1863 4109 Concilio
1892 4052 2291 4107 Constantiensi
2317 4052 2521 4105 factam
2550 4051 2777 4118 (Hardt‚
2812 4048 3077 4115 Magnum

415 4157 690 4193 oecumen.
720 4138 1001 4192 Constant.
1031 4137 1347 4201 Concilium,
1386 4138 1468 4191 ed.
1494 4135 1744 4189 Francos.
1785 4138 1841 4188 et
1864 4134 2010 4204 Lips.
2042 4134 2178 4187 1699
2204 4150 2305 4200 sq.,
2341 4135 2471 4186 tom.
2498 4131 2539 4184 Ι.
2567 4133 2707 4200 part.
2733 4129 2801 4183 X.
2826 4146 2878 4198 p.
2906 4127 3075 4196 557.).

414 4221 553 4273 Item
590 4218 1041 4289 propositionem,
1079 4217 1280 4271 ibidem
1317 4236 1349 4271 a
1389 4215 1664 4270 Cardinali
1702 4215 2009 4283 Zabarella,
2046 4216 2110 4266 ut
2145 4212 2377 4275 videtur,
2415 4211 2472 4264 in
2508 4209 2745 4263 medium
2784 4208 3078 4261 adductam

421 4299 630 4367 (Hardt
680 4300 715 4353 1.
757 4317 802 4353 c.
855 4302 983 4352 tom.
1021 4299 1063 4352 I.
1111 4301 1251 4368 part.
1290 4297 1384 4351 IX.
1422 4316 1473 4367 p.
1514 4297 1683 4362 521.).
1757 4296 1897 4348 Item
1935 4292 2354 4347 declarationem
2391 4291 2574 4360 Papae
2612 4291 2849 4342 Martini
2885 4291 2942 4341 V.
2955 4329 2971 4356 ‚
3021 4287 3079 4340 in

417 4379 753 4434 Concordato
807 4397 930 4433 cum
967 4381 1201 4434 Natione
1232 4381 1546 4446 yermam'ca
1596 4375 1732 4429 inito
1770 4376 1975 4428 factam
2019 4372 2227 4441 (Hardt
2274 4372 2311 4425 1.
2351 4389 2396 4424 6.
2434 4374 2564 4424 tom.
2603 4370 2645 4423 Ι.
2697 4372 2837 4439 part.
2876 4367 3074 4426 XXIV.

414 4480 466 4532 p.
511 4461 711 4529 1059.).
786 4462 968 4530 Atque
1026 4459 1192 4514 etiam
1234 4461 1632 4512 Concordatum
1667 4459 1960 4510 Vv‘ennenee
2008 4470 2107 4507 seu
2145 4452 2694 4519 Aschaffenburqense
2739 4449 2807 4503 ab
2846 4467 2894 4503 a.
2939 4447 3077 4501 1448

419 4542 587 4613 (apud
632 4545 913 4611 Gaertner,
953 4541 1160 4610 Corpus
1191 4539 1332 4611 juris
1369 4538 1500 4592 eccl.
1543 4536 1943 4591 Catholicorum
1980 4533 2236 4597 novioriS‚
2287 4532 2430 4600 quod
2467 4549 2564 4601 per
2601 4529 2950 4584 Germaniam
2986 4528 3076 4581 ob-

413 4623 569 4677 tinet.
628 4623 925 4690 Salisburg.
970 4621 1338 4684 1797—1799,
1376 4623 1505 4673 tom.
1546 4618 1586 4671 Ι.
1626 4637 1679 4688 p.
1722 4616 1887 4684 122.).

601 4714 616 4746 ¹
658 4714 867 4766 Arndt&
917 4711 953 4765 l.
994 4728 1039 4765 6.
1079 4711 1126 4777 §-
1170 4712 1216 4764 1.
1256 4712 1366 4763 not.
1406 4709 1455 4762 2.
1532 4708 1732 4771 Imm0,
1784 4705 1867 4760 uti
1901 4708 2090 4759 notum
2127 4706 2241 4767 est,
2292 4720 2435 4756 nunc
2471 4704 2621 4755 recte
2657 4700 2714 4754 id
2752 4698 2963 4767 agitur,
3014 4700 3079 4749 ut

415 4792 716 4849 communis
753 4811 848 4862 pro
884 4791 1141 4845 universo
1179 4789 1410 4860 Imperio
1447 4786 1760 4856 germanico
1800 4786 1971 4840 codex
2007 4783 2190 4839 civilis
2226 4782 2520 4837 sanciatur.
