3355 5328
384 320 491 374 210
1187 321 1325 375 Pars
1362 322 1430 376 H.
1477 321 1836 376 collectiones
1874 320 2242 375 decretalium.

381 486 707 563 vagantes
767 503 898 546 una
959 504 1105 546 cum
1166 488 1490 566 apparatu
1550 484 1918 565 glossarum
1964 484 2291 548 Zenzelini
2339 485 2417 549 cle
2466 485 2772 549 Cassanis
2826 485 3049 568 plures

385 580 640 644 codices
686 602 840 646 mss,
893 580 1205 646 exhibent
1238 586 1276 646 ¹.

558 678 695 742 Illis
742 679 1357 760 Extravagantibus
1405 679 1553 743 dein
1613 682 2033 744 accesserunt
2081 677 2141 761 β)
2188 678 2552 744 decretales
2610 684 2678 746 et
2725 680 3046 747 constitu-

379 775 592 841 tiones
637 777 858 860 Papae
891 777 1220 842 Benedicti
1250 777 1410 842 XII.
1446 776 1578 857 (20.
1614 780 1770 843 Dec.
1814 778 2181 842 1334-25,
2220 777 2427 860 April.
2469 777 2687 860 1342),
2737 800 2774 844 e
2808 779 3041 860 quibus

379 873 511 952 illa,
547 895 715 955 quae
746 873 1006 958 incipit:
1049 876 1214 956 „Vas
1249 878 1557 940 electionis
1578 874 1890 958 Paulu3“,
1928 896 1969 938 α
1993 876 2247 939 Joanne
2272 876 2617 940 Francisco
2652 878 2731 941 de
2753 877 3043 961 PaviniS,

374 972 540 1055 juris
566 972 857 1037 canonici
882 972 951 1036 in
975 973 1429 1039 Universitate
1453 974 1780 1039 Patavina
1802 973 2176 1056 professore
2201 971 2271 1054 (†
2302 972 2499 1056 1486)
2520 971 2564 1051 2,
2598 974 2894 1054 glossata
2920 980 3042 1042 est.

554 1071 759 1136 Porro
806 1070 868 1152 γ)
917 1070 1277 1136 decretales
1327 1075 1393 1137 et
1442 1071 1944 1137 constitutiones
1974 1069 2196 1153 Papae
2233 1071 2563 1135 Clementis
2601 1072 2707 1137 VI.
2760 1071 2848 1153 (7.
2883 1073 3044 1157 Maji

382 1170 705 1234 1342-6,
755 1170 1096 1235 Decembr.
1152 1168 1384 1250 1352),
1450 1169 1803 1234 Innocentii
1849 1169 1954 1232 VI.
2020 1165 2152 1247 (18.
2203 1169 2542 1233 Decembr.
2599 1170 2769 1233 1352
2831 1192 2892 1235 u.
2957 1171 3043 1235 ad

377 1270 480 1333 22.
534 1267 892 1350 Septembr.
949 1266 1147 1348 1362)
1209 1270 1277 1331 et
1337 1266 1734 1347 reliquorum
1785 1266 2195 1331 Summorum
2254 1265 2643 1331 Pontificum
2663 1317 2676 1344 ‚
2741 1268 2852 1349 qui
2911 1267 3040 1333 illis

375 1369 848 1431 successerunt.
942 1366 1032 1431 Et
1080 1366 1173 1429 sic
1219 1386 1529 1430 numerus
1575 1363 2179 1445 Extravagantium
2227 1363 2532 1430 continuo
2581 1367 2937 1431 crescebat.

553 1462 731 1539 Quae
777 1464 1318 1544 Extravagantes
1364 1483 1697 1544 nunquam
1742 1462 1810 1526 in
1871 1460 2320 1526 collectionem
2379 1462 2706 1546 publicam
2760 1484 2876 1527 seu
2922 1484 3040 1527 au-

373 1561 735 1627 thenticam
781 1562 1090 1625 redactae
1137 1564 1322 1637 sunt3
1377 1564 1445 1625 et
1490 1560 1659 1639 hinc,
1711 1560 1864 1642 quia
1910 1580 2115 1641 usque
2161 1581 2332 1624 nunc
2380 1565 2573 1625 extra
2621 1561 3039 1626 collectiones

366 1659 533 1742 juris
595 1659 1018 1724 ecclesiastici
1077 1658 1370 1742 publicas
1430 1680 1549 1723 seu
1608 1657 2022 1723 authenticas
2083 1663 2413 1738 vagantur
2431 1708 2444 1735 ‚
2507 1680 2745 1723 nomen
2797 1660 3038 1724 Extra-

372 1760 742 1842 vayantium
789 1776 994 1838 usque
1042 1757 1125 1821 ad
1172 1757 1344 1821 hunc
1391 1755 1561 1821 diem
1609 1755 2023 1821 retinuerunt
2052 1753 2095 1821 ³.

995 1946 1034 2032 ξ
1081 1943 1219 2014 146.
1314 1947 1741 2014 collectiones
1789 1947 2407 2032 Extravagantium.

550 2107 760 2183 Quum
822 2110 1042 2171 autem
1103 2106 1255 2171 illae
1314 2107 1859 2188 Extravagantes
1923 2106 2151 2170 valore
2214 2106 2415 2187 legali
2481 2106 2839 2172 destitutae
2903 2129 3035 2172 non

371 2209 625 2285 essent,
689 2206 805 2270 sed
865 2204 1288 2286 originarium
1335 2205 1628 2269 valorem
1675 2226 1863 2269 suum
1925 2204 2320 2282 retinerent,
2385 2208 2453 2269 et
2512 2206 2606 2269 sic
2666 2206 3034 2270 adhucdum

370 2308 775 2370 momentum
822 2308 889 2369 et
936 2325 1124 2367 usum
1169 2302 1531 2386 practicum
1577 2303 1929 2379 haberent,
1991 2301 2242 2367 factum
2293 2307 2395 2368 est
2414 2354 2427 2381 ‚
2490 2307 2564 2369 ut
2619 2303 2802 2386 ipsae
2853 2307 3033 2369 certe

371 2425 529 2468 cura
576 2408 644 2468 et
691 2402 907 2468 studio
954 2401 1246 2465 virorum
1294 2400 1700 2465 eruditorum
1734 2404 2139 2485 privatorum
2185 2400 2253 2464 in
2299 2423 2498 2465 unum
2548 2401 3029 2483 colligerentur.

368 2503 459 2568 Et
504 2501 786 2585 primum
817 2499 1076 2582 quidem
1107 2498 1476 2582 hujusmodi
1506 2499 2051 2580 Extravagantes
2084 2499 2573 2565 collectionibus
2607 2499 3033 2565 decretalium

368 2599 642 2684 publicis
689 2619 806 2663 seu
854 2596 1278 2675 authenticiS,
1338 2617 1505 2679 quae
1551 2600 1710 2661 tunc
1758 2597 2145 2675 exstabant,
2210 2599 2278 2661 et
2337 2597 2723 2663 nominatim
2770 2597 3033 2681 quidem

367 2701 566 2764 Libro
614 2700 799 2763 Sexto
848 2700 915 2761 et
962 2699 1297 2761 collectioni
1348 2696 1916 2778 Clementinarum‚
1978 2699 2295 2777 tanquam
2343 2696 2674 2780 appendix
2721 2696 3031 2763 adnecte-

367 2797 628 2874 bantur,
677 2795 871 2877 idque
916 2797 1058 2859 tum
1104 2794 1172 2858 in
1204 2792 1532 2858 codicibus
1562 2814 1740 2870 mse„
1788 2795 1931 2857 tum
1980 2791 2181 2858 etiam
2226 2792 2294 2857 in
2332 2793 2723 2859 editionibus
2768 2793 3031 2858 illarum

368 2893 822 2959 collectionum
848 2891 893 2958 ⁴.
976 2891 1195 2957 Serius
1243 2895 1465 2957 autem
1512 2890 1726 2955 dictae
1758 2891 2300 2971 Extravagantes
2348 2912 2389 2954 a
2433 2891 2595 2956 viris
2643 2892 2917 2958 eruditis
2962 2892 3032 2957 in

365 2991 731 3075 peculiares
779 2990 1214 3066 collectiones,
1263 3010 1382 3073 per
1428 3009 1500 3053 se
1547 2988 2002 3066 subsistenteS‚
2051 2988 2263 3070 redigi
2311 2993 2687 3073 coeperunt.

1224 3221 1548 3309 CAPUT
1604 3221 2155 3310 SECUNDUM.

436 3404 1076 3477 Collectiones
1131 3403 1949 3497 Extravagantium
2006 3430 2159 3499 per
2204 3428 2292 3475 se
2346 3403 2961 3476 subsistentes

1469 3525 1561 3596 in
1620 3526 1928 3620 specie.

1228 3705 1751 3775 ARTICULUS
1795 3705 2171 3774 PRIMUS.

662 3853 968 3927 collectio
1012 3852 1257 3947 viginti
1302 3852 1897 3946 Extravagantium
1942 3854 2152 3945 Papae
2202 3853 2467 3925 Joannis
2512 3852 2713 3924 XXII.

363 4031 402 4117 ξ
450 4028 583 4099 147.
647 4031 807 4119 Ejus
855 4030 1062 4115 origo,
1112 4029 1473 4116 dispositio,
1521 4049 1664 4097 eam
1713 4030 1965 4098 citandi
2010 4030 2184 4097 ratio
2218 4031 2492 4118 ejusque
2539 4030 2751 4116 prima
2798 4029 3023 4096 editio.

541 4192 720 4270 Quae
759 4193 899 4276 jam
947 4212 1117 4255 anno
1170 4193 1338 4255 1325
1403 4189 1802 4256 exstiterant
1850 4193 1950 4269 et,
2014 4189 2240 4255 ordine
2300 4190 2757 4271 chronologico
2806 4191 3024 4274 dispo-

362 4292 549 4371 sitae,
600 4313 747 4357 cum
792 4291 1015 4372 glossa
1045 4290 1370 4354 Zeneelini
1419 4292 1496 4353 cle
1531 4290 1837 4353 Cassanis
1885 4288 2251 4354 collectioni
2284 4288 2836 4354 Clementinarum
2873 4292 3023 4354 tan-

362 4412 558 4473 quam
635 4387 966 4473 appendix
1042 4387 1562 4452 adnectebantur
1636 4390 1860 4472 viyinti
1937 4387 2449 4472 Extravayantes
2526 4387 2750 4472 Papae
2821 4388 3022 4453 Joan-

484 4512 497 4515 β
528 4512 561 4592 1
600 4559 828 4625 Schulte,
867 4555 968 4608 Die
1008 4554 1334 4609 Geschichte
1373 4554 1468 4607 der
1506 4554 1752 4618 Quellen‚
1789 4557 1918 4606 tom.
1958 4553 2026 4606 II.
2065 4571 2117 4623 p.
2158 4553 2243 4606 53.
2282 4556 2393 4606 not.
2436 4554 2518 4606 14.

544 4639 564 4672 2
604 4639 816 4690 Schulte
852 4636 888 4689 1.
928 4654 973 4689 c.
1013 4654 1064 4705 p.
1105 4636 1225 4689 331.
1266 4652 1346 4703 sq.
1527 4636 1547 4669 ³
1587 4636 1801 4688 Schulte
1835 4634 1871 4687 1.
1912 4652 1957 4687 c.
1996 4651 2047 4702 p.
2088 4634 2172 4687 50.

545 4717 568 4752 4
608 4719 820 4770 Schulte
869 4716 905 4770 1.
947 4734 991 4769 c.
1044 4734 1095 4785 p.
1136 4717 1221 4770 50.
1261 4733 1380 4784 sqq.
1435 4716 1519 4768 59.
1560 4732 1711 4783 sqq.;
1764 4716 2091 4782 Friedbery,
2142 4713 2200 4766 in
2239 4713 2394 4783 Corp.
2442 4713 2549 4784 jur.
2603 4732 2721 4768 can.
2773 4716 2911 4784 part.
2950 4714 3019 4767 Π.

362 4797 605 4867 prolegg.
645 4798 744 4852 col.
784 4797 946 4850 LXV.
987 4814 1106 4866 sqq.
