3355 5328
1416 322 1593 391 Caput
1628 322 1668 375 Ι.
1722 321 1754 387 ἓ
1796 322 1914 376 154.
2891 321 2996 375 223

511 483 653 560 Qua
697 482 954 548 ratione
1000 482 1281 547 invaluit
1327 502 1482 546 usus
1502 531 1515 558 ,
1583 481 1759 545 solas
1821 479 2238 545 collectiones
2302 480 2728 545 decretalium
2783 479 2995 564 publi-

332 602 445 646 cas
491 602 608 646 seu
641 581 1075 660 authenticae,
1123 580 1434 645 videlicet
1472 578 1923 644 collectionem
1953 579 2174 662 Papae
2208 580 2503 663 Greyorii
2534 578 2679 662 IX„
2728 579 2995 643 Librum

334 679 608 746 Sextum
657 679 986 762 Bonifacii
1032 680 1212 744 VIII.
1277 681 1346 743 et
1408 676 1858 742 collectionem
1903 676 2123 759 Papae
2174 678 2505 742 Clementis
2549 678 2643 757 V„
2691 676 2993 742 vocibus:

336 779 579 862 Corpus
627 780 808 861 juris
869 780 1159 842 canonici
1221 774 1638 856 designandi3
1709 774 1892 856 cujus
1954 773 2213 855 quidem
2274 773 2745 856 designationis
2795 774 2995 839 etiam

330 875 514 958 Papa
558 875 944 939 Benedictus
989 875 1177 939 XIV.
1241 874 1310 937 in
1369 873 1516 950 illa,
1580 873 1701 936 sub
1764 893 1893 954 qua
1940 893 1998 937 a.
2054 874 2223 936 1746
2270 872 2551 955 primum
2595 874 2848 937 tomum
2895 871 2996 937 sui

332 972 605 1038 Bullarii
664 972 1061 1037 Bononiensi
1121 970 1561 1037 Universitati
1620 970 1989 1036 transmisit
2007 1020 2021 1048 ,
2085 970 2584 1035 constitutione:
2646 971 2801 1035 Jam
2857 972 2998 1053 fere

332 1079 545 1136 sextus
592 1070 919 1136 rationem
966 1069 1275 1135 habuisse
1323 1068 1729 1150 dignoscitur
1757 1067 1800 1135 ¹.

331 1271 572 1326 tutiones
608 1272 948 1324 introductas
966 1313 978 1335 ,
1032 1270 1169 1324 haec
1219 1273 1411 1323 sancta
1462 1270 1703 1339 synodus
1742 1269 1950 1334 abolet,
1990 1311 2002 1323 .
2044 1311 2055 1323 .
2098 1311 2110 1323 .
2148 1270 2608 1334 reservationibus
2659 1270 2715 1323 in
2759 1272 2995 1338 Corpore

323 1355 477 1420 juris
515 1369 777 1421 expresse
816 1353 1015 1404 clausis
1054 1393 1065 1404 .
1108 1393 1118 1404 .
1161 1393 1172 1405 .
1214 1352 1502 1404 dumtaxat
1538 1349 1832 1419 exceptiS.“

509 1432 686 1486 Voce:
740 1434 936 1485 clausis
974 1431 1075 1484 hoc
1114 1431 1232 1485 loco
1270 1430 1406 1483 nihil
1445 1430 1593 1483 aliud
1633 1429 1937 1497 designari,
1975 1430 2109 1484 nisi:
2161 1434 2379 1484 insertis
2416 1448 2512 1484 seu
2549 1433 2763 1499 relatis,
2804 1449 2833 1483 e
2872 1448 2993 1484 con·

331 1516 490 1567 textu
544 1514 690 1566 clare
743 1513 936 1566 elucet.
1011 1512 1214 1565 Eodem
1267 1511 1578 1579 significatu
1624 1529 1815 1565 vocem
1863 1511 2016 1564 illam
2071 1511 2293 1565 adhibet
2342 1511 2493 1581 Papa
2545 1514 2887 1565 Innocentius
2922 1514 2993 1565 X.

331 1594 389 1646 in
427 1597 627 1648 const:
686 1595 819 1646 Cum
844 1596 1042 1661 juxta,
1097 1593 1146 1646 d.
1187 1593 1236 1646 d.
1280 1594 1362 1645 19.
1405 1578 1526 1645 Jan.
1571 1592 1733 1656 1646,
1774 1591 1920 1646 edita
1957 1609 2121 1662 super
2159 1591 2405 1645 discessu
2442 1592 2494 1645 S.
2533 1592 2597 1645 R.
2636 1592 2698 1645 E.
2740 1591 2997 1645 Cardina-

334 1674 465 1727 lium
503 1692 532 1727 0
559 1674 718 1728 Statu
754 1672 1029 1743 pontificio
1068 1673 1274 1741 absque
1310 1672 1533 1726 licentia
1571 1671 1779 1725 Summi
1805 1672 2085 1725 Pontificis
2122 1675 2449 1742 praesumto,
2487 1674 2615 1726 dum
2652 1672 2893 1740 loquitur
2931 1673 2996 1726 de

339 1771 709 1822 ‚quocumque
765 1753 871 1807 alio
911 1753 1087 1806 colore
1106 1795 1118 1816 ,
1174 1755 1466 1822 praetextu
1489 1794 1500 1816 ,
1557 1752 1840 1806 occasione
1892 1755 1949 1806 et
1998 1751 2176 1822 capite
2198 1795 2210 1817 ,
2268 1752 2432 1806 etiam
2482 1752 2540 1805 in
2578 1752 2810 1822 Corpore
2856 1751 2997 1822 juris

334 1834 596 1887 clausis“.‘
627 1832 791 1901 (Acta
829 1833 880 1887 S.
922 1832 1093 1896 Sedis,
1133 1833 1215 1885 ed.
1256 1832 1407 1885 Rom.
1452 1833 1588 1886 1865
1615 1849 1754 1900 sqq„
1794 1833 1899 1885 vol.
1935 1832 2029 1885 III.
2069 1850 2120 1902 p.
2150 1832 2293 1900 336.)
2349 1833 2487 1886 Item
2515 1834 2570 1886 S.
2603 1834 2796 1900 Conqr.
2833 1850 2998 1899 super

334 1915 493 1967 Statu
530 1916 916 1981 Reyulariicm,
971 1914 1097 1966 dum
1134 1911 1192 1965 in
1230 1913 1474 1965 decreto:
1527 1914 1766 1965 Romani
1805 1915 2111 1980 PontificeS,
2171 1911 2256 1965 die
2294 1913 2379 1966 25.
2422 1912 2544 1966 Jan.
2588 1913 2724 1966 1848
2763 1910 2995 1965 auctori-

332 1996 448 2047 tate
487 1994 670 2063 Papae
708 1993 797 2046 Pii
833 1994 926 2046 IX.
981 1993 1155 2057 edito,
1207 1991 1449 2060 loquitur
1488 1992 1552 2045 de
1604 1992 1912 2062 privilegiis
1963 1992 2019 2045 in
2060 1992 2292 2061 Corpore
2339 1992 2479 2062 juris
2532 1994 2757 2061 clausis,
2812 1991 2996 2045 dicens

333 2074 460 2127 ibid.
501 2074 625 2141 §V
664 2074 722 2126 in
758 2074 880 2137 fine,
920 2076 983 2126 ut
1020 2071 1296 2141 sequitur:
1344 2072 1648 2137 „Sanctitas
1674 2071 1785 2125 Sua
1823 2072 2253 2141 quibuscumque
2290 2072 2346 2125 in
2383 2071 2713 2126 contrarium
2751 2072 2997 2125 facienti-

334 2155 436 2208 bus
474 2152 968 2216 constitutionibuS,
1014 2152 1223 2219 regulis
1262 2156 1318 2206 et
1355 2152 1580 2206 statutis
1620 2194 1631 2205 .
1675 2194 1687 2206 .
1729 2194 1740 2205 .
1781 2152 1946 2206 etiam
1982 2152 2040 2205 in
2076 2152 2250 2205 forma
2288 2152 2541 2222 specifica
2579 2153 2646 2205 ab
2683 2150 2998 2221 Apostolica

337 2234 474 2289 Sede
513 2233 842 2304 approbatiS,
880 2251 983 2286 nec
1019 2251 1127 2286 non
1165 2232 1388 2286 cuilibet
1423 2231 1729 2302 privilegiO,
1767 2232 1898 2285 licet
1932 2232 1989 2285 in
2017 2232 2250 2302 Corpore
2282 2232 2423 2302 juris
2461 2234 2641 2285 clauso
2680 2234 2736 2285 et
2767 2232 2997 2301 Aposto-

333 2315 456 2369 licis
493 2313 970 2368 constitutionibus
1008 2331 1072 2366 ac
1111 2313 1344 2366 decretis
1382 2316 1713 2382 confirmat0‚
1752 2331 1816 2367 ac
1843 2330 2119 2382 expressa,
2157 2312 2494 2377 individuali,
2534 2311 2760 2381 speciali
2785 2315 2841 2365 et
2874 2330 2994 2381 spe·

333 2394 631 2449 cialissima
668 2393 940 2447 mentione
978 2396 1140 2461 diqno
1155 2434 1171 2461 ,
1228 2392 1459 2461 aliisque
1498 2393 1785 2447 contrariis
1824 2394 2253 2461 quibuscumque
2291 2410 2512 2462 prorsus
2552 2394 2778 2459 derogat
2815 2395 2871 2445 et
2910 2393 2998 2445 de-

333 2478 585 2543 rogatum
624 2492 744 2527 esse
783 2473 1072 2527 declarat.“
1122 2472 1619 2543 (Correspondance
1658 2474 1725 2527 de
1761 2474 1947 2537 Rome,
1984 2474 2137 2527 Rom.
2181 2474 2317 2527 1848
2356 2490 2494 2541 sqq„
2537 2476 2666 2526 tom.
2706 2474 2746 2525 I.
2786 2490 2837 2542 p.
2881 2473 2996 2538 14.;

333 2555 501 2609 etiam
537 2554 746 2608 Archiv
785 2555 874 2607 fiir
911 2553 1120 2607 kathol.
1162 2553 1582 2618 Kirchenrecht,
1635 2554 1753 2607 edd.
1791 2572 1836 2608 v.
1877 2556 2007 2623 Moy
2045 2557 2101 2607 et
2136 2556 2363 2623 Veriny,
2401 2556 2529 2607 tom.
2568 2553 2712 2606 VIII.
2754 2572 2804 2623 p.
2848 2552 2991 2622 143.)

332 2636 472 2690 Item
508 2635 660 2705 Papa
700 2637 831 2688 Pius
869 2636 967 2688 IX.
1021 2634 1079 2687 in
1129 2636 1331 2688 const:
1389 2637 1726 2703 Quamquam
1763 2636 1953 2704 Illius,
2007 2635 2055 2689 d.
2098 2635 2146 2689 d.
2186 2635 2271 2689 29.
2312 2633 2459 2704 Sept.
2503 2634 2669 2697 1867,
2721 2633 2778 2687 in
2830 2651 2997 2688 causa

337 2715 640 2770 Cardinalis
678 2718 1001 2783 Hieronymi
1038 2715 1321 2768 d’Andrea
1359 2715 1558 2769 emissa
1602 2715 1765 2783 (Acta
1804 2715 1895 2770 SS.
1935 2717 1970 2770 1.
2010 2733 2055 2769 0.
2096 2735 2146 2785 p.
2187 2716 2307 2769 327.
2348 2718 2405 2768 et
2442 2715 2622 2783 332),
2663 2716 2789 2768 dum
2826 2715 2996 2782 loqui-

333 2799 424 2850 tur
463 2797 528 2849 de
572 2813 768 2862 „causa
805 2795 1023 2865 publica
1062 2798 1118 2848 et
1153 2795 1469 2859 favorabili,
1521 2795 1578 2849 in
1617 2795 1851 2866 Corpore
1884 2796 2023 2867 juris
2062 2797 2276 2849 clausa“
2322 2798 2485 2864 atque
2523 2797 2590 2849 de
2634 2794 2871 2861 „ratione
2888 2836 2902 2859 ,
2939 2794 2997 2847 in

335 2876 567 2945 Corpore
599 2875 741 2946 juris
780 2877 1015 2928 clansa“.

512 2955 719 3009 Eadem
755 2955 965 3009 ratione
1018 2955 1184 3010 etiam
1221 2955 1341 3026 ipsa
1379 2958 1657 3026 beneficia,
1711 2974 1940 3026 quorum
1989 2956 2290 3011 reservatio
2341 2954 2617 3026 pontificia
2666 2955 2723 3008 in
2762 2955 2996 3025 Corpore

330 3035 470 3107 juris
508 3038 694 3089 clausa
712 3077 729 3105 ,
784 3035 819 3089 i.
861 3053 904 3089 e.
958 3036 1134 3089 relata
1185 3054 1286 3089 seu
1323 3036 1529 3089 inserta
1567 3039 1688 3090 erat
1708 3079 1719 3101 ,
1773 3039 1958 3091 clausa
1994 3038 2050 3091 in
2089 3037 2323 3106 Corpore
2355 3037 2495 3107 juris
2534 3035 2679 3089 dicta
2717 3039 2859 3089 sunt.
2934 3037 2995 3090 Id

336 3116 516 3170 elucet
565 3115 708 3169 inter
759 3119 941 3169 cetera
998 3134 1067 3169 ex
1117 3115 1493 3170 Avisamentis
1514 3159 1526 3181 ,
1577 3120 1820 3187 tempore
1867 3117 2199 3171 Basileensis
2258 3116 2483 3171 Concilii
2534 3117 2601 3170 ab
2652 3116 2995 3170 Electoribus

333 3196 553 3265 Imperii
608 3214 657 3249 a.
701 3197 833 3249 1441
875 3195 1192 3262 Moguntiae
1242 3196 1300 3249 in
1350 3196 1565 3266 publico
1617 3201 1889 3251 conventu
1941 3197 2215 3267 conceptis
2233 3240 2244 3262 ,
2297 3198 2329 3264 ξ
2367 3198 2434 3251 V.
2496 3197 2662 3266 (apud
2708 3199 2992 3265 Galen-ner,

336 3275 544 3345 Corpus
588 3275 696 3346 jur.
750 3275 880 3328 0001.
923 3275 1324 3328 Catholicorum
1375 3276 1642 3340 novioriS,
1697 3279 1838 3346 quod
1890 3295 1985 3347 per
2024 3276 2370 3331 Germaniam
2418 3276 2640 3329 obtinet.
2694 3275 2993 3343 Salisburg.

338 3356 473 3409 1797
513 3373 651 3423 sqq„
689 3358 817 3408 tom.
857 3356 897 3408 Ι.
938 3373 988 3424 p.
1030 3356 1144 3419 66.;
1203 3355 1368 3409 etiam
1406 3357 1549 3425 apud
1586 3359 1792 3410 Biclcell
1826 3358 1862 3410 l.
1903 3376 1948 3410 c.
1987 3376 2038 3426 p.
2078 3355 2218 3425 50.),
2276 3356 2368 3410 ubi
2406 3374 2439 3409 a
2476 3355 2694 3409 Summo
2731 3355 2994 3409 Pontifice

335 3434 478 3489 inter
529 3438 712 3489 cetera
763 3435 864 3488 hoc
916 3437 1206 3505 petendum
1254 3436 1550 3490 statuitur:
1621 3437 1723 3502 „Et
1773 3439 1914 3505 quod
1952 3436 2258 3507 hujusmodi
2304 3435 2593 3500 beneficia,
2650 3435 2707 3488 in
2762 3435 2994 3505 Corpore

328 3515 469 3585 juris
507 3516 710 3580 clausa,
748 3515 1024 3569 Romanus
1064 3516 1322 3570 Pontifex
1359 3517 1505 3570 intra
1543 3517 1704 3570 unius
1741 3517 1945 3571 mensis
1983 3517 2221 3587 spatium
2259 3518 2504 3570 conferre
2541 3518 2840 3569 teneatur.“

515 3594 656 3660 Quid
694 3596 838 3664 quod
875 3595 970 3648 illa
1010 3595 1208 3651 dictio:
1266 3599 1480 3650 clausus
1536 3596 1699 3651 etiam
1755 3598 1820 3651 de
1871 3597 2006 3667 ipsis
2043 3596 2550 3665 Extravagantibus
2601 3596 2865 3665 praefatis
2902 3597 2992 3649 ad-

334 3675 506 3729 hibita
545 3678 630 3729 est
666 3675 762 3736 ita,
799 3678 863 3728 ut
900 3678 956 3729 et
991 3675 1143 3746 ipsae
1181 3695 1291 3730 non
1327 3677 1386 3730 in
1414 3677 1646 3747 Corpore
1681 3677 1823 3748 juris
1862 3680 2074 3730 clausae
2111 3678 2433 3731 dicerentur.
2486 3675 2575 3729 Sic
2612 3695 2667 3729 v.
2706 3694 2758 3743 g.
2798 3675 2992 3730 Extra-

335 3773 546 3822 vagans
598 3754 781 3825 Papae
832 3757 1107 3809 Benedicti
1141 3759 1275 3810 XII.
1296 3777 1314 3810 :
1369 3760 1460 3810 Ad
1508 3761 1744 3824 reyimen
1763 3787 1772 3797 ·
1794 3758 1850 3810 in
1901 3757 2275 3811 Avisamentis
2328 3758 2707 3826 deputatorum
2757 3756 2993 3810 nationis

334 3835 722 3900 Germanicae,
761 3854 808 3889 a.
841 3837 976 3890 1416
1015 3837 1071 3889 in
1111 3837 1349 3890 Concilio
1390 3837 1794 3892 Constantiensi
1831 3837 2121 3908 propositis
2166 3838 2331 3907 (apud
2368 3839 2573 3890 Bickell
2608 3837 2645 3890 1.
2685 3855 2729 3891 0.
2769 3856 2819 3906 p.
2859 3836 2992 3905 4.7.),

336 3915 549 3980 dicitur,
588 3933 695 3969 non
734 3919 918 3969 clausa
954 3915 1010 3968 in
1050 3916 1283 3986 Corpore
1309 3917 1511 3988 ·juris“.

516 3999 532 4031 ¹
572 3996 913 4050 Verbotenus
963 3996 1065 4050 hoc
1115 4001 1369 4066 respectu
1418 3998 1570 4068 Papa
1621 3998 1949 4053 Benedictus
1986 3999 2132 4053 XIV.
2190 3999 2246 4051 in
2296 3998 2544 4068 praefata
2590 3996 2992 4062 constitutione,

336 4075 514 4145 posita
551 4075 609 4128 in
645 4077 823 4130 fronte
860 4080 989 4130 tom.
1029 4077 1070 4130 I.
1112 4077 1242 4131 dicti
1283 4077 1369 4131 sui
1407 4079 1637 4132 Bullarii
1682 4079 1909 4148 (Bullar.
1947 4080 2119 4143 Rom„
2159 4080 2241 4132 ed.
2268 4079 2634 4145 Luxemburg.
2679 4079 2813 4131 1727
2854 4096 2991 4146 sqq„

334 4158 467 4209 tom.
505 4156 676 4223 XVI.)
699 4199 710 4220 ,
749 4156 855 4220 ait,
894 4159 957 4209 ut
993 4156 1269 4225 sequitur;
1329 4158 1527 4224 „Nobis
1564 4160 1807 4229 profecto
1844 4163 2170 4227 nostraeque
2208 4159 2265 4212 in
2301 4158 2545 4212 Patriam
2582 4158 2992 4212 benevolentiae

336 4236 525 4289 deesse
575 4235 913 4301 videremur,
970 4237 1076 4290 nisi
1128 4238 1229 4292 hoc
1277 4241 1520 4308 tempore
1538 4282 1549 4303 ,
1600 4242 1686 4293 tot
1734 4239 2029 4293 illustrium
2067 4239 2391 4293 Pontificum
2442 4238 2707 4308 exemplis
2755 4238 2991 4303 adducti,

335 4315 662 4370 Doctoribus
700 4320 757 4370 et
794 4317 1141 4371 Scholaribus
1180 4319 1574 4374 Universitatis
1611 4320 1969 4374 Bononiensis
2009 4320 2394 4374 Collectionem
2443 4319 2584 4373 hanc
2634 4322 2876 4372 nostram
2913 4319 2991 4372 in-

334 4396 726 4461 scriberemuS,
778 4416 901 4451 cum
938 4399 1260 4468 praesertim
1297 4400 1440 4454 inter
1478 4400 1596 4470 ejus
1632 4401 1895 4454 Doctores
1934 4402 2045 4455 Nos
2081 4401 2188 4471 ipsi
2224 4399 2481 4454 recensiti
2519 4400 2810 4463 fuerimus,
2868 4418 2991 4453 cum

337 4476 515 4531 adhuc
552 4477 610 4530 in
645 4477 944 4532 minoribus
981 4497 1340 4534 versaremur.
1417 4480 1621 4546 Quodsi
1657 4481 2022 4550 appellatione
2064 4483 2336 4550 Corpori8‚
2381 4484 2444 4534 ut
2481 4481 2649 4550 ajunt,
2689 4483 2738 4534 J
2734 4484 2848 4533 uris
2890 4481 2992 4532 Ca-

336 4561 520 4611 nonici
557 4558 937 4627 comprehendi
986 4562 1201 4612 tantum
1258 4561 1490 4614 debeant
1526 4565 1819 4629 congestae
1857 4580 1889 4615 a
1928 4562 2188 4629 Gregorio
2226 4562 2319 4615 IX.
2339 4604 2350 4625 ,
2406 4563 2694 4628 Bonifacio
2735 4563 2881 4614 VIII.
2936 4564 2993 4614 et

341 4638 597 4691 Clemente
622 4641 678 4691 V.
718 4638 1048 4704 Decretales,
1087 4639 1188 4693 hoc
1225 4640 1493 4695 Volumen
1528 4646 1775 4696 nostrum
1811 4642 1917 4696 isto
1956 4660 2087 4696 sane
2124 4642 2339 4696 nomine
2377 4642 2522 4695 haud
2560 4640 2838 4704 contineri,
2879 4659 2990 4694 cer-

333 4721 453 4770 tum
491 4720 604 4782 est;
643 4717 729 4771 sin
767 4722 948 4772 autem
975 4720 1335 4789 appellatione
1366 4723 1624 4790 Corporis
1649 4725 1810 4776 Juris
1840 4725 2104 4777 Canonici
2138 4722 2552 4789 intelligendum
2590 4725 2690 4785 est,
2729 4721 2991 4790 quidquid

334 4798 404 4851 ab
441 4797 757 4867 Apostolica
808 4799 1133 4853 auctoritate
1183 4805 1468 4870 promanat
1522 4802 1653 4871 (qua
1706 4821 1891 4857 omnes
1927 4802 2158 4857 Romani
2194 4802 2487 4857 Pontifices
2538 4820 2709 4870 aeque
2760 4801 2993 4872 praediti
