3355 5328
319 340 423 396 182
1117 341 1256 395 Pars
1292 341 1382 401 11..
1411 340 1769 398 collectiones
1806 341 2175 397 decretalium.

316 505 511 582 modo
558 503 626 569 in
677 506 756 569 19
805 501 1129 588 capitibus
1158 504 1374 569 locum
1404 503 1627 582 habet,
1674 502 1981 568 nimirum
2027 504 2096 569 in
2125 507 2206 569 10
2240 503 2581 588 capitibuS,
2625 526 2792 587 quae
2825 526 2985 571 con-

319 602 533 669 tinent
578 601 955 684 fragmenta
991 601 1476 668 constitutionis
1506 601 1729 685 Papae
1763 602 2116 668 Innocenlii
2146 603 2263 668 IV.
2283 627 2304 668 .·
2348 604 2644 668 Romana
2674 604 2984 688 Ecclesia,

320 701 380 766 d.
428 701 487 766 d.
544 702 644 766 17.
687 700 1115 775 Mart.,1246,
1166 719 1334 782 quae
1379 701 1710 783 praefixas
1755 699 2001 765 habent
2047 721 2276 766 voces:
2332 702 2630 767 Romana
2674 702 2984 785 Ecclesia,

321 820 484 880 quas
539 797 866 881 sequitur:
919 806 972 862 et
1017 798 1201 881 infra
1229 796 1269 882 ¹,
1319 802 1388 864 et
1433 797 1501 861 in
1548 799 1587 862 9
1638 797 1961 881 capitibus
1983 848 1998 876 ,
2049 819 2217 880 quae
2264 794 2560 865 referunt
2605 798 2988 881 fragmenta

261 907 264 919 ¹
320 896 888 973 constitutionum,
936 895 1004 960 in
1052 894 1322 961 concilio
1384 895 1680 977 generali
1724 896 2143 977 Lugdunensi
2190 897 2240 963 Ι.
2289 918 2348 962 a.
2404 899 2573 962 1245
2637 897 2983 975 editarum,

322 1015 490 1077 quae
538 994 758 1078 capita
800 993 1231 1078 praemissam
1261 993 1509 1059 habent
1537 993 1953 1077 respectivae
1984 993 2471 1061 constitutionis
2515 996 2817 1061 voculam
2857 994 2984 1059 ini·

321 1092 568 1171 tialem,
619 1114 816 1175 quam
859 1092 1022 1158 item
1068 1092 1396 1173 sequitur:
1447 1100 1502 1157 et
1546 1092 1733 1175 infra
1753 1088 1798 1157 ².
1863 1092 1937 1157 Id
1986 1093 2158 1175 quod
2205 1096 2496 1160 ceterum
2536 1093 2675 1176 jam
2722 1115 2762 1158 a
2800 1093 2988 1177 Papa

324 1191 687 1256 Innocentio
720 1192 836 1256 IV.
886 1189 954 1254 in
999 1189 1382 1256 collectione
1414 1191 1496 1255 ab
1530 1189 1672 1274 ipso
1705 1190 2007 1272 Lugduni
2047 1191 2370 1258 adornata
2415 1191 2665 1258 factum
2696 1191 2917 1258 fuerat
2937 1188 2984 1256 ³.

504 1289 580 1353 In
626 1288 895 1371 reliquis
943 1288 1265 1372 capitibus
1310 1288 1489 1353 Libri
1537 1288 1724 1354 Sexti
1769 1287 1835 1353 id
1882 1289 2096 1353 locum
2142 1311 2275 1354 non
2319 1289 2522 1355 habet
2541 1289 2586 1356 ⁴.

503 1390 564 1452 2.
628 1386 811 1464 Quod
830 1436 845 1464 ,
909 1406 1107 1469 quum
1166 1386 1235 1451 in
1295 1389 1613 1452 contextu
1672 1386 2020 1452 decretalis
2079 1387 2189 1452 vel
2234 1387 2722 1454 constitutionis
2767 1387 2989 1471 ponti-

320 1484 509 1550 ficiae
526 1535 540 1563 ,
601 1484 671 1549 in
715 1484 933 1567 aliquo
980 1483 1196 1568 capite
1243 1485 1601 1550 collocatae
1623 1534 1638 1562 ‚
1702 1483 1945 1567 aliquid
1993 1487 2293 1551 omissum
2340 1489 2475 1564 est,
2536 1486 2652 1551 illa
2698 1485 2986 1564 omissio,

323 1583 479 1649 licet
527 1581 613 1649 sit
660 1582 968 1659 maxima,
1016 1603 1430 1665 nequaquam
1448 1632 1462 1661 ,
1526 1582 1621 1649 uti
1667 1582 1737 1647 in
1783 1582 2163 1649 collectione
2213 1584 2636 1666 Gregoriana,
2682 1583 2990 1649 vocibus:

327 1689 382 1746 et
428 1682 631 1765 infra,
680 1681 787 1746 vel
835 1689 890 1746 el
920 1682 977 1765 j.
1026 1679 1314 1746 indicata
1362 1684 1483 1759 est,
1532 1685 1752 1763 atque,
1802 1680 1957 1745 dum
2001 1680 2070 1745 in
2116 1681 2293 1747 dicta
2332 1682 2715 1748 collectione
2760 1685 2991 1766 partes

324 1778 423 1844 ita
483 1779 762 1844 omissae
821 1799 937 1844 seu
997 1777 1254 1843 decisae
1316 1779 1699 1862 plerumque
1763 1777 1957 1844 facile
2017 1778 2084 1844 in
2150 1783 2533 1846 contextum
2593 1780 2826 1864 capitis
2891 1780 2992 1846 ita

326 1876 629 1944 adornati
674 1876 875 1942 inseri
918 1879 1213 1960 possunt,
1262 1875 1328 1940 id
1375 1877 1443 1941 in
1487 1875 1684 1941 Libro
1729 1876 1933 1942 Sexto
1978 1876 2122 1942 fieri
2167 1878 2413 1960 nequit.

506 1974 647 2051 Qua
692 1975 947 2041 ratione
977 1974 1173 2040 Liber
1205 1974 1446 2040 Sextus
1493 1978 1705 2040 semet
1749 1974 1957 2040 multo
2003 1975 2216 2057 magis
2263 1997 2460 2058 quam
2493 1976 2788 2043 collectio
2824 1976 2992 2042 Gre-

327 2072 602 2155 goriana
660 2078 975 2156 tanquam
1034 2073 1271 2138 librum
1331 2073 1613 2155 legalem
1672 2093 1789 2137 seu
1852 2072 2140 2138 codicem
2186 2074 2698 2141 ecclesiasticum
2752 2096 2871 2158 per
2916 2094 2993 2139 se

329 2161 795 2237 subsistentem
829 2175 895 2238 et
926 2172 1009 2236 ab
1042 2171 1187 2237 aliis
1235 2170 1725 2237 collectionibus
1765 2170 1931 2254 juris
1964 2170 2390 2238 ecclesiastici
2421 2172 2989 2257 independentem,

328 2290 608 2352 eumque
654 2269 874 2353 Papae
924 2270 1253 2353 Bonifacii
1297 2270 1479 2334 VIII.
1528 2267 1884 2353 proprium,
1935 2268 2245 2334 exhibere
2293 2269 2697 2352 dignoscitur
2712 2268 2756 2336 ⁵.

1241 2508 1563 2597 CAPUT
1620 2498 2095 2597 TERTIUM.

698 2700 1255 2797 Approbatio
1312 2707 1398 2774 et
1451 2700 1962 2798 publicatio
2015 2699 2275 2773 Libri
2332 2699 2609 2774 Sexti.

1305 2904 1343 2991 ξ
1391 2902 1513 2972 116.
1607 2904 2006 2973 Generatim.

512 3072 991 3152 Collectionem,
1041 3096 1081 3139 a
1124 3074 1445 3158 praefatis
1475 3074 1636 3139 viris
1669 3072 1758 3158 (p.
1799 3075 1920 3138 177
1931 3072 1975 3156 .)
2021 3073 2118 3139 ita
2164 3074 2551 3140 adornatam
2582 3073 2765 3169 Papa
2795 3075 2996 3140 Boni-

330 3171 546 3255 sacius
593 3172 772 3237 VIII.
823 3171 1248 3283 approbavit,
1309 3175 1625 3255 tanquam
1673 3171 2231 3238 continuationem
2280 3170 2679 3237 collectionis
2744 3168 2998 3283 Grego-

333 3269 580 3348 rianae,
629 3269 697 3334 in
743 3272 1016 3355 quinque
1046 3271 1239 3336 libros
1271 3270 1538 3347 divisae,
1589 3270 1779 3335 simul
1831 3273 2134 3354 respectu
2182 3270 2265 3334 ad
2303 3270 2437 3334 vim
2468 3269 2722 3335 numeri
2753 3270 2998 3338 senarii

334 3368 761 3451 symbolicam
819 3366 1045 3433 habito
1067 3367 1091 3405 ⁶
1115 3368 1449 3447 ,Librum
1496 3370 1756 3434 Sextum
1816 3368 2176 3451 appellavit
2232 3371 2300 3434 et
2347 3367 2703 3452 publicavit
2748 3389 2826 3433 ac
2873 3370 2997 3433 sub

517 3543 532 3575 ¹
575 3541 724 3607 Quae
762 3541 943 3612 capita
989 3544 1118 3595 sunt
1167 3541 1332 3596 haec:
1385 3559 1430 3596 6.
1474 3541 1520 3595 1.
1561 3542 1626 3594 (16
1665 3540 1841 3611 suppl.
1880 3540 2084 3608 neglig.
2122 3541 2375 3611 praelatt.
2413 3542 2455 3596 Ι.
2495 3542 2574 3606 8.;
2627 3560 2671 3596 6.
2715 3542 2761 3596 1.
2802 3543 2869 3597 (16
2905 3543 2994 3597 off.

331 3622 504 3676 «vicar.
543 3622 585 3675 I.
629 3623 763 3685 13.;.
794 3639 840 3675 6.
882 3622 929 3676 1.
969 3621 1036 3675 de
1072 3623 1160 3675 off.
1200 3622 1369 3675 ordin.
1407 3622 1449 3675 Ι.
1492 3621 1605 3685 16.;
1658 3640 1705 3675 6.
1749 3621 1795 3675 1.
1837 3622 1902 3674 (16
1939 3622 2040 3674 for.
2080 3623 2307 3692 compet.
2346 3622 2414 3675 II.
2454 3622 2535 3686 2.;
2587 3640 2634 3676 6.
2673 3622 2722 3676 3.
2763 3623 2830 3676 (16
2864 3626 2998 3679 test.

337 3705 394 3755 et
430 3705 615 3756 attest.
653 3702 722 3755 II.
765 3703 878 3766 10.;
918 3719 963 3755 6.
1003 3702 1052 3756 3.
1093 3703 1159 3755 (16
1197 3702 1453 3771 appellat.
1492 3702 1559 3755 Π.
1602 3702 1718 3765 15.;
1756 3718 1803 3755 6.
1845 3701 1891 3754 1.
1932 3702 1998 3755 (16
2036 3719 2180 3755 cens.
2220 3702 2314 3755 III.
2354 3702 2470 3765 20.;
2510 3719 2555 3756 6.
2600 3702 2645 3756 1.
2686 3703 2752 3756 (16
2790 3700 2995 3773 poenis.

342 3782 404 3836 V.
443 3784 524 3846 9.;
577 3799 622 3836 6.
665 3782 711 3835 1.
753 3783 818 3835 (16
859 3782 1059 3852 poenit.
1097 3782 1164 3836 V.
1207 3782 1289 3837 10.
1330 3785 1387 3835 et
1423 3799 1468 3835 6.
1508 3783 1559 3835 5.
1598 3782 1665 3835 (16
1703 3785 1840 3835 sent.
1881 3799 2143 3835 excomm.
2181 3782 2248 3836 V.
2291 3782 2374 3836 11.
2451 3782 2561 3837 cfr.
2601 3784 2843 3853 Schulte,
2893 3784 3001 3838 Die

339 3861 666 3917 Geschichte
704 3863 800 3916 der
837 3862 1078 3928 Quellen‚
1122 3865 1252 3917 tom.
1290 3862 1359 3916 H.
1399 3880 1450 3932 p.
1491 3863 1575 3917 38.
1614 3865 1727 3916 not.
1770 3863 1852 3916 13.

519 3946 539 3978 ²
574 3943 676 3996 Illa
728 3943 908 4013 capita
958 3946 1115 3997 sunt:
1169 3961 1214 3997 6.
1260 3945 1492 3996 Grandi.
1532 3943 1583 3995 2.
1632 3944 1699 3996 de
1746 3943 2027 4012 supplend.
2075 3942 2279 4010 neglig.
2318 3943 2572 4013 praelatt.
2610 3943 2652 3997 I.
2692 3943 2766 4008 8.;
2820 3962 2865 3998 6.
2907 3947 3001 3998 Ad

340 4025 692 4092 Apostolicae.
720 4024 770 4077 2.
798 4024 865 4077 (16
902 4026 1040 4078 sent.
1069 4026 1125 4077 et
1147 4041 1207 4076 re
1239 4022 1407 4093 judic.
1434 4023 1502 4077 II.
1534 4023 1646 4087 14.;
1686 4040 1733 4077 c.
1762 4025 1963 4076 Abbate
1994 4040 2138 4076 sane.
2180 4023 2228 4076 3.
2268 4023 2413 4086 6ο(1.;
2452 4040 2499 4076 6.
2532 4024 2673 4089 Quia
2699 4028 2918 4079 cunctis.
2949 4026 2998 4079 1.

339 4105 406 4158 (16
457 4121 695 4157 concess,
733 4104 1021 4174 praebend.
1059 4104 1155 4158 III.
1197 4105 1276 4167 7.;
1328 4121 1374 4157 6.
1413 4105 1651 4157 Dudum.
1695 4103 1741 4156 1.
1781 4104 1847 4157 de
1896 4103 2009 4157 reb.
2061 4103 2270 4157 Ε66166.
2321 4121 2429 4157 11611
2477 4103 2746 4157 alienand.
2784 4105 2879 4159 III.
2916 4106 2997 4169 9.;

338 4202 385 4238 c.
412 4186 538 4238 Non
573 4186 758 4238 solum.
787 4184 836 4238 2.
864 4184 930 4238 de
966 4184 1200 4251 regular.
1228 4184 1323 4237 III.
1354 4183 1436 4236 14.
1482 4182 1646 4252 (quae
1684 4183 2000 4237 constitutio
2038 4201 2071 4237 a
2108 4183 2381 4237 nonnullis
2419 4200 2701 4254 perperam
2739 4183 3002 4238 tribuitur

339 4264 522 4335 Papae
561 4266 878 4318 Alexandro
905 4266 1002 4318 IV.
1047 4262 1167 4332 (cfr.
1208 4263 1297 4317 cit.
1336 4281 1454 4333 cap.
1492 4263 1551 4317 in
1588 4264 1669 4317 ed.
1712 4264 1867 4333 Corp.
1897 4263 2015 4317 Jur.
2055 4280 2172 4317 can.
2214 4265 2406 4317 Aemil.
2434 4266 2638 4317 Lndov.
2673 4264 2998 4332 Richter-»⁶03

339 4362 386 4398 c.
413 4346 618 4398 Dilecto
654 4347 768 4411 filio
805 4347 1004 4398 decano
1032 4346 1318 4397 Aurelian.
1347 4345 1396 4396 6.
1437 4344 1502 4397 (16
1540 4346 1679 4397 sent.
1720 4361 1981 4397 excomm.
2008 4344 2075 4398 V.
2108 4344 2219 4408 ll.;
2259 4361 2305 4397 c.
2333 4345 2749 4398 Venerabilibue.
2779 4346 2827 4398 7.
2856 4345 2999 4409 eod.;

340 4442 386 4478 6.
424 4427 663 4477 Veniens,
706 4425 752 4478 1.
793 4425 859 4478 de
895 4424 962 4478 V.
1003 4424 1055 4478 S.
1094 4424 1161 4478 V.
1205 4424 1286 4477 12.
1364 4423 1472 4477 cfr.
1514 4425 1728 4477 Schulte
1763 4424 1799 4478 l.
1840 4441 1885 4477 6.

520 4505 541 4539 ⁸
580 4504 689 4559 Cfr.
730 4506 959 4573 Schulte,
996 4504 1098 4558 Die
1134 4504 1474 4568 Decretalen,
1511 4503 1547 4557 1.
1587 4521 1632 4558 6.
1672 4522 1724 4574 p.
1766 4505 1886 4558 706.
1925 4521 2044 4572 sqq.

519 4584 543 4619 4
580 4585 809 4653 Schulte,
846 4544 959 4637 Die’
986 4583 1315 4638 Geschichte
1354 4584 1450 4637 der
1485 4583 1729 4649 Quellen,
1766 4586 1896 4638 tom.
1936 4585 2004 4637 II.
2043 4603 2094 4655 p.
2135 4585 2220 4638 38.
2297 4583 2407 4638 cfr.
2446 4601 2613 4654 supra
2650 4603 2701 4655 p.
2746 4585 2864 4639 167.

522 4664 543 4698 ⁵
582 4665 810 4732 Schulte,
846 4663 949 4717 Die
984 4664 1324 4727 Decretalen‚
1362 4663 1398 4717 1.
1438 4680 1484 4717 6.
1523 4682 1574 4734 p.
1616 4664 1737 4717 793.
1776 4681 1888 4731 sq.;
1929 4666 2090 4732 Idem,
2128 4663 2229 4717 Die
2267 4663 2593 4718 Geschichte
2633 4665 2728 4718 der
2753 4664 3000 4746 Quellen,

338 4744 470 4796 tom.
509 4743 577 4795 II.
615 4760 666 4811 p.
706 4743 792 4796 39.
830 4760 943 4811 sq.;
982 4744 1293 4812 Friedbery,
1331 4742 1386 4796 in
1426 4743 1582 4813 Corp.
1616 4743 1726 4813 jur.
1766 4761 1883 4797 can.
1923 4747 2062 4812 part.
2101 4744 2168 4797 H.
2208 4741 2451 4814 prolegg.
2491 4743 2590 4798 col.
2630 4744 2688 4798 L.
2729 4761 2811 4813 sq.

523 4822 544 4857 θ
582 4821 692 4875 cfr.
732 4839 896 4892 supra
934 4840 985 4892 Ρ.
1028 4823 1145 4876 177.
1186 4822 1218 4890 ἓ
1260 4822 1378 4876 112.
