<?xml version="1.0" encoding="UTF-8"?>
<!DOCTYPE html PUBLIC "-//W3C//DTD XHTML 1.0 Transitional//EN"
    "http://www.w3.org/TR/xhtml1/DTD/xhtml1-transitional.dtd">
<html xmlns="http://www.w3.org/1999/xhtml" xml:lang="en" lang="en">
 <head>
  <title>
</title>
<meta http-equiv="Content-Type" content="text/html;charset=utf-8" />
  <meta name='ocr-system' content='tesseract 3.04.00' />
  <meta name='ocr-capabilities' content='ocr_page ocr_carea ocr_par ocr_line ocrx_word'/>
</head>
<body>
  <div class='ocr_page' id='page_1' title='image "./introductioinco00laurgoog_0057.png"; bbox 0 0 3355 5328; ppageno 0'>
   <div class='ocr_carea' id='block_1_1' title="bbox 1359 314 2942 385">
    <p class='ocr_par' dir='ltr' id='par_1_1' title="bbox 1359 314 2942 385">
     <span class='ocr_line' id='line_1_1' title="bbox 1359 314 2942 385; baseline 0.005 -18"><span class='ocrx_word' id='word_1_1' title='bbox 1359 315 1535 385; x_wconf 76' lang='lat' dir='ltr'>Caput</span> <span class='ocrx_word' id='word_1_2' title='bbox 1569 315 1662 369; x_wconf 88' lang='lat' dir='ltr'>IV.</span> <span class='ocrx_word' id='word_1_3' title='bbox 1716 314 1750 382; x_wconf 65' lang='lat' dir='ltr'>s</span> <span class='ocrx_word' id='word_1_4' title='bbox 1787 317 1873 370; x_wconf 86' lang='lat'>20.</span> <span class='ocrx_word' id='word_1_5' title='bbox 2872 321 2942 375; x_wconf 84' lang='lat'>33</span> 
     </span>
    </p>
   </div>
   <div class='ocr_carea' id='block_1_2' title="bbox 1185 523 2059 627">
    <p class='ocr_par' dir='ltr' id='par_1_2' title="bbox 1185 523 2059 627">
     <span class='ocr_line' id='line_1_2' title="bbox 1185 523 2059 627; baseline -0.002 -15"><span class='ocrx_word' id='word_1_6' title='bbox 1185 525 1508 612; x_wconf 82' lang='lat' dir='ltr'>CAPUT</span> <span class='ocrx_word' id='word_1_7' title='bbox 1563 523 2059 627; x_wconf 86' lang='lat' dir='ltr'>QUARTUM.</span> 
     </span>
    </p>
   </div>
   <div class='ocr_carea' id='block_1_3' title="bbox 831 720 2407 816">
    <p class='ocr_par' dir='ltr' id='par_1_3' title="bbox 831 720 2407 816">
     <span class='ocr_line' id='line_1_3' title="bbox 831 720 2407 816; baseline 0.002 -23"><span class='ocrx_word' id='word_1_8' title='bbox 831 720 1467 816; x_wconf 83' lang='lat' dir='ltr'>Originaria</span> <span class='ocrx_word' id='word_1_9' title='bbox 1546 721 1984 796; x_wconf 88' lang='lat' dir='ltr'>Decreti</span> <span class='ocrx_word' id='word_1_10' title='bbox 2063 722 2407 796; x_wconf 87' lang='lat' dir='ltr'>forma.</span> 
     </span>
    </p>
   </div>
   <div class='ocr_carea' id='block_1_4' title="bbox 910 923 2337 1014">
    <p class='ocr_par' dir='ltr' id='par_1_4' title="bbox 910 923 2337 1014">
     <span class='ocr_line' id='line_1_4' title="bbox 910 923 2337 1014; baseline 0.001 -23"><span class='ocrx_word' id='word_1_11' title='bbox 910 923 949 1009; x_wconf 66' lang='grc' dir='ltr'><strong>ξ</strong></span> <span class='ocrx_word' id='word_1_12' title='bbox 986 923 1101 992; x_wconf 85' lang='grc'>20.</span> <span class='ocrx_word' id='word_1_13' title='bbox 1186 926 1433 993; x_wconf 87' lang='lat' dir='ltr'>Divisio</span> <span class='ocrx_word' id='word_1_14' title='bbox 1479 926 1747 993; x_wconf 87' lang='lat' dir='ltr'>Decreti</span> <span class='ocrx_word' id='word_1_15' title='bbox 1790 927 1860 992; x_wconf 90' lang='lat' dir='ltr'>in</span> <span class='ocrx_word' id='word_1_16' title='bbox 1906 927 2045 994; x_wconf 85' lang='lat' dir='ltr'>tres</span> <span class='ocrx_word' id='word_1_17' title='bbox 2090 928 2337 1014; x_wconf 75' lang='lat' dir='ltr'>parteS.</span> 
     </span>
    </p>
   </div>
   <div class='ocr_carea' id='block_1_5' title="bbox 275 1088 2947 1572">
    <p class='ocr_par' dir='ltr' id='par_1_5' title="bbox 275 1088 2947 1572">
     <span class='ocr_line' id='line_1_5' title="bbox 275 1088 2943 1182; baseline 0.003 -28"><span class='ocrx_word' id='word_1_18' title='bbox 275 1165 281 1172; x_wconf 23' lang='lat'><strong>³</strong></span> <span class='ocrx_word' id='word_1_19' title='bbox 470 1088 656 1165; x_wconf 87' lang='lat' dir='ltr'>Quod</span> <span class='ocrx_word' id='word_1_20' title='bbox 701 1097 960 1176; x_wconf 87' lang='lat' dir='ltr'>spectat</span> <span class='ocrx_word' id='word_1_21' title='bbox 1006 1094 1088 1160; x_wconf 92' lang='lat' dir='ltr'>ad</span> <span class='ocrx_word' id='word_1_22' title='bbox 1119 1095 1386 1160; x_wconf 87' lang='lat' dir='ltr'>Decreti</span> <span class='ocrx_word' id='word_1_23' title='bbox 1431 1095 1731 1174; x_wconf 87' lang='lat' dir='ltr'>formam,</span> <span class='ocrx_word' id='word_1_24' title='bbox 1782 1099 1851 1161; x_wconf 93' lang='lat' dir='ltr'>et</span> <span class='ocrx_word' id='word_1_25' title='bbox 1895 1096 2175 1180; x_wconf 91' lang='lat' dir='ltr'>primum</span> <span class='ocrx_word' id='word_1_26' title='bbox 2224 1096 2483 1178; x_wconf 90' lang='lat' dir='ltr'>quidem</span> <span class='ocrx_word' id='word_1_27' title='bbox 2531 1097 2616 1161; x_wconf 90' lang='lat' dir='ltr'>ad</span> <span class='ocrx_word' id='word_1_28' title='bbox 2663 1098 2801 1182; x_wconf 83' lang='lat' dir='ltr'>ejus</span> <span class='ocrx_word' id='word_1_29' title='bbox 2848 1098 2943 1162; x_wconf 90' lang='lat' dir='ltr'>di-</span> 
     </span>
     <span class='ocr_line' id='line_1_6' title="bbox 289 1186 2945 1278; baseline 0.004 -27"><span class='ocrx_word' id='word_1_30' title='bbox 289 1186 611 1253; x_wconf 89' lang='lat' dir='ltr'>visionem</span> <span class='ocrx_word' id='word_1_31' title='bbox 632 1189 700 1254; x_wconf 95' lang='lat' dir='ltr'>in</span> <span class='ocrx_word' id='word_1_32' title='bbox 724 1199 851 1256; x_wconf 79' lang='lat' dir='ltr'>tres</span> <span class='ocrx_word' id='word_1_33' title='bbox 869 1202 1114 1277; x_wconf 64' lang='lat' dir='ltr'>partae,</span> <span class='ocrx_word' id='word_1_34' title='bbox 1148 1194 1310 1258; x_wconf 87' lang='lat' dir='ltr'>haec</span> <span class='ocrx_word' id='word_1_35' title='bbox 1334 1193 1474 1257; x_wconf 91' lang='grc'><strong>81110</strong></span> <span class='ocrx_word' id='word_1_36' title='bbox 1500 1193 1693 1259; x_wconf 90' lang='lat' dir='ltr'>dubio</span> <span class='ocrx_word' id='word_1_37' title='bbox 1718 1194 1803 1258; x_wconf 90' lang='lat' dir='ltr'>ab</span> <span class='ocrx_word' id='word_1_38' title='bbox 1826 1194 1967 1277; x_wconf 91' lang='lat' dir='ltr'>ipso</span> <span class='ocrx_word' id='word_1_39' title='bbox 1996 1193 2312 1259; x_wconf 88' lang='lat' dir='ltr'>Gratiano</span> <span class='ocrx_word' id='word_1_40' title='bbox 2337 1194 2659 1278; x_wconf 89' lang='lat' dir='ltr'>provenit.</span> <span class='ocrx_word' id='word_1_41' title='bbox 2716 1196 2790 1260; x_wconf 93' lang='lat' dir='ltr'>Id</span> <span class='ocrx_word' id='word_1_42' title='bbox 2815 1218 2945 1261; x_wconf 93' lang='lat' dir='ltr'>non</span> 
     </span>
     <span class='ocr_line' id='line_1_7' title="bbox 290 1285 2945 1375; baseline 0.004 -27"><span class='ocrx_word' id='word_1_43' title='bbox 290 1285 503 1349; x_wconf 89' lang='lat' dir='ltr'>solum</span> <span class='ocrx_word' id='word_1_44' title='bbox 534 1287 794 1370; x_wconf 86' lang='lat' dir='ltr'><strong>plurimi</strong></span> <span class='ocrx_word' id='word_1_45' title='bbox 827 1289 1081 1355; x_wconf 88' lang='lat' dir='ltr'>codices</span> <span class='ocrx_word' id='word_1_46' title='bbox 1111 1312 1266 1356; x_wconf 81' lang='lat' dir='ltr'>mss,</span> <span class='ocrx_word' id='word_1_47' title='bbox 1293 1291 1559 1356; x_wconf 89' lang='lat' dir='ltr'>Decreti</span> <span class='ocrx_word' id='word_1_48' title='bbox 1585 1291 2059 1369; x_wconf 88' lang='lat' dir='ltr'>demonstrant,</span> <span class='ocrx_word' id='word_1_49' title='bbox 2094 1291 2202 1373; x_wconf 94' lang='lat' dir='ltr'>qui</span> <span class='ocrx_word' id='word_1_50' title='bbox 2228 1295 2456 1375; x_wconf 89' lang='lat' dir='ltr'>aperte</span> <span class='ocrx_word' id='word_1_51' title='bbox 2481 1296 2619 1358; x_wconf 88' lang='lat' dir='ltr'>tres</span> <span class='ocrx_word' id='word_1_52' title='bbox 2642 1293 2789 1357; x_wconf 88' lang='lat' dir='ltr'>illas</span> <span class='ocrx_word' id='word_1_53' title='bbox 2812 1295 2945 1359; x_wconf 90' lang='lat' dir='ltr'>De-</span> 
     </span>
     <span class='ocr_line' id='line_1_8' title="bbox 290 1381 2943 1471; baseline 0.004 -26"><span class='ocrx_word' id='word_1_54' title='bbox 290 1381 459 1448; x_wconf 88' lang='lat' dir='ltr'>creti</span> <span class='ocrx_word' id='word_1_55' title='bbox 489 1387 713 1466; x_wconf 90' lang='lat' dir='ltr'>partes</span> <span class='ocrx_word' id='word_1_56' title='bbox 746 1385 1156 1468; x_wconf 89' lang='lat' dir='ltr'>distinguunt</span> <span class='ocrx_word' id='word_1_57' title='bbox 1185 1387 1225 1466; x_wconf 87' lang='lat'>¹,</span> <span class='ocrx_word' id='word_1_58' title='bbox 1271 1409 1501 1453; x_wconf 88' lang='lat' dir='ltr'>verum</span> <span class='ocrx_word' id='word_1_59' title='bbox 1534 1389 1734 1454; x_wconf 91' lang='lat' dir='ltr'>etiam</span> <span class='ocrx_word' id='word_1_60' title='bbox 1773 1389 2025 1471; x_wconf 75' lang='lat' dir='ltr'>antiqui</span> <span class='ocrx_word' id='word_1_61' title='bbox 2057 1391 2436 1455; x_wconf 88' lang='lat' dir='ltr'>canonistae</span> <span class='ocrx_word' id='word_1_62' title='bbox 2469 1393 2943 1470; x_wconf 87' lang='lat' dir='ltr'>contestantur,</span> 
     </span>
     <span class='ocr_line' id='line_1_9' title="bbox 288 1479 2947 1572; baseline 0.004 -29"><span class='ocrx_word' id='word_1_63' title='bbox 288 1479 389 1544; x_wconf 91' lang='lat' dir='ltr'>uti</span> <span class='ocrx_word' id='word_1_64' title='bbox 420 1481 807 1548; x_wconf 88' lang='lat' dir='ltr'>nominatim</span> <span class='ocrx_word' id='word_1_65' title='bbox 838 1486 1248 1571; x_wconf 76' lang='lat' dir='ltr'>Paueapalea</span> <span class='ocrx_word' id='word_1_66' title='bbox 1269 1483 1314 1571; x_wconf 84' lang='lat'>²,</span> <span class='ocrx_word' id='word_1_67' title='bbox 1353 1488 1628 1571; x_wconf 79' lang='lat' dir='ltr'>Rufinus</span> <span class='ocrx_word' id='word_1_68' title='bbox 1645 1483 1691 1571; x_wconf 84' lang='lat'>³,</span> <span class='ocrx_word' id='word_1_69' title='bbox 1725 1489 2085 1572; x_wconf 76' lang='lat' dir='ltr'><em>Stephanus</em></span> <span class='ocrx_word' id='word_1_70' title='bbox 2126 1489 2545 1553; x_wconf 77' lang='lat' dir='ltr'>Tornaeensis</span> <span class='ocrx_word' id='word_1_71' title='bbox 2570 1487 2615 1572; x_wconf 71' lang='lat'>⁴,</span> <span class='ocrx_word' id='word_1_72' title='bbox 2662 1489 2947 1555; x_wconf 72' lang='lat' dir='ltr'>Joarmes</span> 
     </span>
    </p>
   </div>
   <div class='ocr_carea' id='block_1_6' title="bbox 276 1660 2951 4935">
    <p class='ocr_par' dir='ltr' id='par_1_6' title="bbox 288 1660 2948 1974">
     <span class='ocr_line' id='line_1_10' title="bbox 475 1660 2947 1734; baseline 0.003 -22"><span class='ocrx_word' id='word_1_73' title='bbox 475 1660 495 1694; x_wconf 89' lang='lat'>¹</span> <span class='ocrx_word' id='word_1_74' title='bbox 535 1661 773 1729; x_wconf 80' lang='lat' dir='ltr'>Schulte,</span> <span class='ocrx_word' id='word_1_75' title='bbox 820 1661 921 1715; x_wconf 90' lang='lat' dir='ltr'>Die</span> <span class='ocrx_word' id='word_1_76' title='bbox 960 1662 1288 1717; x_wconf 87' lang='lat' dir='ltr'>Geschichte</span> <span class='ocrx_word' id='word_1_77' title='bbox 1327 1665 1421 1717; x_wconf 90' lang='lat' dir='ltr'>der</span> <span class='ocrx_word' id='word_1_78' title='bbox 1459 1663 1714 1728; x_wconf 85' lang='lat' dir='ltr'>Quellen‚</span> <span class='ocrx_word' id='word_1_79' title='bbox 1770 1667 1810 1717; x_wconf 89' lang='lat' dir='ltr'>t.</span> <span class='ocrx_word' id='word_1_80' title='bbox 1850 1664 1891 1718; x_wconf 92' lang='grc' dir='ltr'>Ι.</span> <span class='ocrx_word' id='word_1_81' title='bbox 1930 1682 1981 1734; x_wconf 88' lang='lat' dir='ltr'>p.</span> <span class='ocrx_word' id='word_1_82' title='bbox 2021 1663 2107 1717; x_wconf 84' lang='lat'>51.</span> <span class='ocrx_word' id='word_1_83' title='bbox 2181 1662 2439 1717; x_wconf 88' lang='lat' dir='ltr'>Nonnulli</span> <span class='ocrx_word' id='word_1_84' title='bbox 2477 1663 2694 1732; x_wconf 90' lang='lat' dir='ltr'>quidem</span> <span class='ocrx_word' id='word_1_85' title='bbox 2734 1666 2947 1720; x_wconf 88' lang='lat' dir='ltr'>codices</span> 
     </span>
     <span class='ocr_line' id='line_1_11' title="bbox 288 1737 2948 1813; baseline 0.003 -24"><span class='ocrx_word' id='word_1_86' title='bbox 288 1754 422 1790; x_wconf 78' lang='lat' dir='ltr'>mse.</span> <span class='ocrx_word' id='word_1_87' title='bbox 461 1737 679 1793; x_wconf 89' lang='lat' dir='ltr'>Decreti</span> <span class='ocrx_word' id='word_1_88' title='bbox 716 1745 926 1810; x_wconf 86' lang='lat' dir='ltr'>partem</span> <span class='ocrx_word' id='word_1_89' title='bbox 979 1743 1098 1813; x_wconf 89' lang='lat' dir='ltr'>ejus</span> <span class='ocrx_word' id='word_1_90' title='bbox 1147 1747 1361 1797; x_wconf 80' lang='lat' dir='ltr'>tertiam</span> <span class='ocrx_word' id='word_1_91' title='bbox 1396 1762 1505 1797; x_wconf 89' lang='lat' dir='ltr'>non</span> <span class='ocrx_word' id='word_1_92' title='bbox 1542 1761 1801 1813; x_wconf 88' lang='lat' dir='ltr'>expresse</span> <span class='ocrx_word' id='word_1_93' title='bbox 1837 1743 2119 1797; x_wconf 88' lang='lat' dir='ltr'>nominant</span> <span class='ocrx_word' id='word_1_94' title='bbox 2135 1785 2147 1807; x_wconf 88' lang='lat'>,</span> <span class='ocrx_word' id='word_1_95' title='bbox 2206 1761 2326 1797; x_wconf 89' lang='lat' dir='ltr'>eam</span> <span class='ocrx_word' id='word_1_96' title='bbox 2378 1747 2560 1797; x_wconf 89' lang='lat' dir='ltr'>autem</span> <span class='ocrx_word' id='word_1_97' title='bbox 2597 1744 2948 1799; x_wconf 81' lang='lat' dir='ltr'>nihilominus</span> 
     </span>
     <span class='ocr_line' id='line_1_12' title="bbox 289 1817 2948 1893; baseline 0.004 -23"><span class='ocrx_word' id='word_1_98' title='bbox 289 1817 568 1872; x_wconf 77' lang='lat' dir='ltr'>exhibent.</span> <span class='ocrx_word' id='word_1_99' title='bbox 644 1819 751 1874; x_wconf 80' lang='lat' dir='ltr'>cfr.</span> <span class='ocrx_word' id='word_1_100' title='bbox 792 1824 1088 1890; x_wconf 76' lang='lat' dir='ltr'>Friedbery</span> <span class='ocrx_word' id='word_1_101' title='bbox 1135 1823 1193 1877; x_wconf 88' lang='lat' dir='ltr'>in</span> <span class='ocrx_word' id='word_1_102' title='bbox 1242 1823 1359 1877; x_wconf 92' lang='lat' dir='ltr'>citt.</span> <span class='ocrx_word' id='word_1_103' title='bbox 1411 1824 1652 1893; x_wconf 89' lang='lat' dir='ltr'>prolegg.</span> <span class='ocrx_word' id='word_1_104' title='bbox 1708 1824 1806 1878; x_wconf 92' lang='grc'><strong>001.</strong></span> <span class='ocrx_word' id='word_1_105' title='bbox 1846 1824 1964 1877; x_wconf 89' lang='lat' dir='ltr'>XII.</span> <span class='ocrx_word' id='word_1_106' title='bbox 2005 1827 2062 1877; x_wconf 87' lang='lat' dir='ltr'>et</span> <span class='ocrx_word' id='word_1_107' title='bbox 2097 1823 2292 1888; x_wconf 88' lang='lat' dir='ltr'>XCV.;</span> <span class='ocrx_word' id='word_1_108' title='bbox 2348 1825 2575 1893; x_wconf 63' lang='lat' dir='ltr'>Selium,</span> <span class='ocrx_word' id='word_1_109' title='bbox 2612 1824 2713 1878; x_wconf 91' lang='lat' dir='ltr'>Die</span> <span class='ocrx_word' id='word_1_110' title='bbox 2752 1825 2948 1880; x_wconf 89' lang='lat' dir='ltr'>Glosse</span> 
     </span>
     <span class='ocr_line' id='line_1_13' title="bbox 288 1897 2624 1974; baseline 0.004 -25"><span class='ocrx_word' id='word_1_111' title='bbox 288 1915 416 1950; x_wconf 89' lang='lat' dir='ltr'>zum</span> <span class='ocrx_word' id='word_1_112' title='bbox 453 1897 652 1953; x_wconf 90' lang='lat' dir='ltr'>Decret</span> <span class='ocrx_word' id='word_1_113' title='bbox 688 1900 963 1966; x_wconf 77' lang='lat' dir='ltr'>Gratiana,</span> <span class='ocrx_word' id='word_1_114' title='bbox 1000 1903 1057 1956; x_wconf 91' lang='lat' dir='ltr'>in</span> <span class='ocrx_word' id='word_1_115' title='bbox 1094 1903 1209 1957; x_wconf 90' lang='lat' dir='ltr'>citt.</span> <span class='ocrx_word' id='word_1_116' title='bbox 1249 1903 1460 1974; x_wconf 90' lang='lat' dir='ltr'>scriptt.</span> <span class='ocrx_word' id='word_1_117' title='bbox 1498 1904 1789 1958; x_wconf 89' lang='lat' dir='ltr'>memorab.</span> <span class='ocrx_word' id='word_1_118' title='bbox 1828 1907 1957 1957; x_wconf 90' lang='lat' dir='ltr'>tom.</span> <span class='ocrx_word' id='word_1_119' title='bbox 1996 1904 2140 1957; x_wconf 91' lang='lat' dir='ltr'>XXI.</span> <span class='ocrx_word' id='word_1_120' title='bbox 2181 1907 2318 1973; x_wconf 88' lang='lat' dir='ltr'>part.</span> <span class='ocrx_word' id='word_1_121' title='bbox 2359 1905 2408 1957; x_wconf 82' lang='lat'>2.</span> <span class='ocrx_word' id='word_1_122' title='bbox 2448 1922 2498 1973; x_wconf 89' lang='lat' dir='ltr'>p.</span> <span class='ocrx_word' id='word_1_123' title='bbox 2539 1904 2624 1958; x_wconf 92' lang='grc'>21.</span> 
     </span>
    </p>

    <p class='ocr_par' dir='ltr' id='par_1_7' title="bbox 276 1977 2949 3242">
     <span class='ocr_line' id='line_1_14' title="bbox 476 1977 2947 2054; baseline 0.003 -22"><span class='ocrx_word' id='word_1_124' title='bbox 476 1977 496 2011; x_wconf 84' lang='lat'><strong>²</strong></span> <span class='ocrx_word' id='word_1_125' title='bbox 532 1980 594 2032; x_wconf 93' lang='lat' dir='ltr'>In</span> <span class='ocrx_word' id='word_1_126' title='bbox 632 1997 732 2034; x_wconf 87' lang='lat' dir='ltr'>sua</span> <span class='ocrx_word' id='word_1_127' title='bbox 772 1983 993 2035; x_wconf 81' lang='lat' dir='ltr'>Summa</span> <span class='ocrx_word' id='word_1_128' title='bbox 1030 1983 1249 2037; x_wconf 89' lang='lat' dir='ltr'>Decreti</span> <span class='ocrx_word' id='word_1_129' title='bbox 1290 1985 1457 2049; x_wconf 78' lang='lat' dir='ltr'>(caes,</span> <span class='ocrx_word' id='word_1_130' title='bbox 1495 2002 1608 2051; x_wconf 89' lang='lat' dir='ltr'>reg.</span> <span class='ocrx_word' id='word_1_131' title='bbox 1646 1983 1776 2037; x_wconf 90' lang='lat' dir='ltr'>bibl.</span> <span class='ocrx_word' id='word_1_132' title='bbox 1816 1984 1981 2054; x_wconf 87' lang='lat' dir='ltr'>palat.</span> <span class='ocrx_word' id='word_1_133' title='bbox 2008 1983 2239 2038; x_wconf 90' lang='lat' dir='ltr'>Vindob.</span> <span class='ocrx_word' id='word_1_134' title='bbox 2279 1985 2392 2037; x_wconf 85' lang='lat' dir='ltr'>cod.</span> <span class='ocrx_word' id='word_1_135' title='bbox 2435 2002 2535 2038; x_wconf 80' lang='grc'><strong>1118.</strong></span> <span class='ocrx_word' id='word_1_136' title='bbox 2575 1985 2670 2038; x_wconf 85' lang='grc'><strong>101.</strong></span> <span class='ocrx_word' id='word_1_137' title='bbox 2710 2003 2762 2038; x_wconf 88' lang='grc'>11.</span> <span class='ocrx_word' id='word_1_138' title='bbox 2790 1986 2947 2049; x_wconf 92' lang='grc'><strong>2220,</strong></span> 
     </span>
     <span class='ocr_line' id='line_1_15' title="bbox 288 2058 2948 2134; baseline 0.003 -23"><span class='ocrx_word' id='word_1_139' title='bbox 288 2058 340 2112; x_wconf 88' lang='grc'>4.</span> <span class='ocrx_word' id='word_1_140' title='bbox 382 2059 517 2115; x_wconf 83' lang='lat' dir='ltr'>mbr.</span> <span class='ocrx_word' id='word_1_141' title='bbox 574 2078 715 2115; x_wconf 90' lang='lat' dir='ltr'>saec.</span> <span class='ocrx_word' id='word_1_142' title='bbox 757 2062 901 2116; x_wconf 90' lang='lat' dir='ltr'>XIII.</span> <span class='ocrx_word' id='word_1_143' title='bbox 941 2062 1044 2116; x_wconf 91' lang='lat' dir='ltr'>inc.</span> <span class='ocrx_word' id='word_1_144' title='bbox 1063 2083 1075 2127; x_wconf 91' lang='lat'>;</span> <span class='ocrx_word' id='word_1_145' title='bbox 1129 2063 1294 2117; x_wconf 87' lang='lat' dir='ltr'>etiam</span> <span class='ocrx_word' id='word_1_146' title='bbox 1346 2064 1489 2133; x_wconf 91' lang='lat' dir='ltr'>apud</span> <span class='ocrx_word' id='word_1_147' title='bbox 1525 2066 1803 2133; x_wconf 79' lang='lat' dir='ltr'>Maassen,</span> <span class='ocrx_word' id='word_1_148' title='bbox 1861 2064 2232 2134; x_wconf 88' lang='lat' dir='ltr'>Paucapalea,</span> <span class='ocrx_word' id='word_1_149' title='bbox 2284 2063 2341 2116; x_wconf 92' lang='lat' dir='ltr'>in</span> <span class='ocrx_word' id='word_1_150' title='bbox 2391 2064 2506 2117; x_wconf 88' lang='lat' dir='ltr'>citt.</span> <span class='ocrx_word' id='word_1_151' title='bbox 2558 2064 2740 2118; x_wconf 86' lang='lat' dir='ltr'>relatt.</span> <span class='ocrx_word' id='word_1_152' title='bbox 2794 2083 2948 2131; x_wconf 73' lang='grc'><strong>8088,</strong></span> 
     </span>
     <span class='ocr_line' id='line_1_16' title="bbox 286 2139 2948 2215; baseline 0.002 -23"><span class='ocrx_word' id='word_1_153' title='bbox 286 2142 420 2192; x_wconf 83' lang='grc'><strong>10111.</strong></span> <span class='ocrx_word' id='word_1_154' title='bbox 460 2139 655 2194; x_wconf 88' lang='lat' dir='ltr'>XXXI.</span> <span class='ocrx_word' id='word_1_155' title='bbox 695 2160 745 2211; x_wconf 90' lang='lat' dir='ltr'>p.</span> <span class='ocrx_word' id='word_1_156' title='bbox 786 2143 965 2209; x_wconf 85' lang='lat'>502.):</span> <span class='ocrx_word' id='word_1_157' title='bbox 1011 2143 1449 2213; x_wconf 74' lang='lat' dir='ltr'>„compositurus</span> <span class='ocrx_word' id='word_1_158' title='bbox 1486 2144 1588 2198; x_wconf 90' lang='lat' dir='ltr'>hoc</span> <span class='ocrx_word' id='word_1_159' title='bbox 1626 2162 1761 2214; x_wconf 92' lang='lat' dir='ltr'>opus</span> <span class='ocrx_word' id='word_1_160' title='bbox 1802 2146 1903 2210; x_wconf 89' lang='lat' dir='ltr'>(sc.</span> <span class='ocrx_word' id='word_1_161' title='bbox 1937 2144 2205 2211; x_wconf 81' lang='lat' dir='ltr'>Magister</span> <span class='ocrx_word' id='word_1_162' title='bbox 2231 2143 2550 2209; x_wconf 83' lang='lat' dir='ltr'>Gratianus)</span> <span class='ocrx_word' id='word_1_163' title='bbox 2592 2163 2625 2197; x_wconf 91' lang='lat' dir='ltr'>a</span> <span class='ocrx_word' id='word_1_164' title='bbox 2663 2145 2948 2215; x_wconf 89' lang='lat' dir='ltr'>principali</span> 
     </span>
     <span class='ocr_line' id='line_1_17' title="bbox 286 2220 2946 2294; baseline 0.003 -23"><span class='ocrx_word' id='word_1_165' title='bbox 286 2222 448 2288; x_wconf 84' lang='lat' dir='ltr'>parte</span> <span class='ocrx_word' id='word_1_166' title='bbox 483 2220 690 2291; x_wconf 79' lang='lat' dir='ltr'>incipit,</span> <span class='ocrx_word' id='word_1_167' title='bbox 729 2239 761 2275; x_wconf 89' lang='lat' dir='ltr'>a</span> <span class='ocrx_word' id='word_1_168' title='bbox 800 2222 1064 2277; x_wconf 87' lang='lat' dir='ltr'>divisione</span> <span class='ocrx_word' id='word_1_169' title='bbox 1100 2223 1217 2277; x_wconf 85' lang='lat' dir='ltr'>scil.</span> <span class='ocrx_word' id='word_1_170' title='bbox 1251 2224 1391 2294; x_wconf 89' lang='lat' dir='ltr'>juris</span> <span class='ocrx_word' id='word_1_171' title='bbox 1430 2227 1486 2278; x_wconf 89' lang='lat' dir='ltr'>et</span> <span class='ocrx_word' id='word_1_172' title='bbox 1523 2224 1946 2278; x_wconf 81' lang='lat' dir='ltr'>consuetudinis,</span> <span class='ocrx_word' id='word_1_173' title='bbox 2010 2225 2141 2277; x_wconf 90' lang='lat' dir='ltr'>Inde</span> <span class='ocrx_word' id='word_1_174' title='bbox 2178 2242 2362 2278; x_wconf 90' lang='lat' dir='ltr'>eorum</span> <span class='ocrx_word' id='word_1_175' title='bbox 2400 2224 2611 2294; x_wconf 90' lang='lat' dir='ltr'>species</span> <span class='ocrx_word' id='word_1_176' title='bbox 2648 2225 2946 2279; x_wconf 88' lang='lat' dir='ltr'>multifarie</span> 
     </span>
     <span class='ocr_line' id='line_1_18' title="bbox 285 2301 2945 2372; baseline 0.003 -21"><span class='ocrx_word' id='word_1_177' title='bbox 285 2317 601 2369; x_wconf 86' lang='lat' dir='ltr'>supponens</span> <span class='ocrx_word' id='word_1_178' title='bbox 638 2301 884 2370; x_wconf 90' lang='lat' dir='ltr'>singulas</span> <span class='ocrx_word' id='word_1_179' title='bbox 923 2321 1166 2372; x_wconf 86' lang='lat' dir='ltr'>quasque</span> <span class='ocrx_word' id='word_1_180' title='bbox 1205 2304 1468 2371; x_wconf 83' lang='lat' dir='ltr'>assignat.</span> <span class='ocrx_word' id='word_1_181' title='bbox 1522 2304 1755 2358; x_wconf 85' lang='lat' dir='ltr'>Causam</span> <span class='ocrx_word' id='word_1_182' title='bbox 1794 2303 1960 2357; x_wconf 88' lang='lat' dir='ltr'>etiam</span> <span class='ocrx_word' id='word_1_183' title='bbox 1986 2303 2487 2357; x_wconf 88' lang='lat' dir='ltr'>constituendarum</span> <span class='ocrx_word' id='word_1_184' title='bbox 2514 2304 2698 2372; x_wconf 90' lang='lat' dir='ltr'>legum</span> <span class='ocrx_word' id='word_1_185' title='bbox 2737 2323 2945 2358; x_wconf 90' lang='lat' dir='ltr'>earum-</span> 
     </span>
     <span class='ocr_line' id='line_1_19' title="bbox 286 2380 2949 2452; baseline 0.003 -20"><span class='ocrx_word' id='word_1_186' title='bbox 286 2396 400 2447; x_wconf 86' lang='lat' dir='ltr'>que</span> <span class='ocrx_word' id='word_1_187' title='bbox 439 2380 676 2434; x_wconf 85' lang='lat' dir='ltr'>officium</span> <span class='ocrx_word' id='word_1_188' title='bbox 712 2383 1021 2437; x_wconf 79' lang='lat' dir='ltr'>subscribit.</span> <span class='ocrx_word' id='word_1_189' title='bbox 1096 2384 1227 2437; x_wconf 90' lang='lat' dir='ltr'>Inde</span> <span class='ocrx_word' id='word_1_190' title='bbox 1248 2380 1547 2437; x_wconf 62' lang='lat' dir='ltr'>*numerum</span> <span class='ocrx_word' id='word_1_191' title='bbox 1586 2388 1642 2437; x_wconf 89' lang='lat' dir='ltr'>et</span> <span class='ocrx_word' id='word_1_192' title='bbox 1679 2383 1919 2437; x_wconf 89' lang='lat' dir='ltr'>ordinem</span> <span class='ocrx_word' id='word_1_193' title='bbox 1968 2383 2317 2437; x_wconf 85' lang='lat' dir='ltr'>conciliorum</span> <span class='ocrx_word' id='word_1_194' title='bbox 2372 2387 2429 2437; x_wconf 91' lang='lat' dir='ltr'>et</span> <span class='ocrx_word' id='word_1_195' title='bbox 2467 2401 2693 2452; x_wconf 89' lang='lat' dir='ltr'>quorum</span> <span class='ocrx_word' id='word_1_196' title='bbox 2732 2385 2949 2439; x_wconf 87' lang='lat' dir='ltr'>decreta</span> 
     </span>
     <span class='ocr_line' id='line_1_20' title="bbox 286 2457 2946 2534; baseline 0.003 -22"><span class='ocrx_word' id='word_1_197' title='bbox 286 2457 492 2527; x_wconf 89' lang='lat' dir='ltr'>quibus</span> <span class='ocrx_word' id='word_1_198' title='bbox 528 2459 641 2514; x_wconf 89' lang='lat' dir='ltr'>sint</span> <span class='ocrx_word' id='word_1_199' title='bbox 677 2463 1030 2532; x_wconf 85' lang='lat' dir='ltr'>praeferenda</span> <span class='ocrx_word' id='word_1_200' title='bbox 1048 2506 1061 2527; x_wconf 89' lang='lat'>,</span> <span class='ocrx_word' id='word_1_201' title='bbox 1117 2463 1387 2534; x_wconf 89' lang='lat' dir='ltr'>supponit.</span> <span class='ocrx_word' id='word_1_202' title='bbox 1463 2464 1705 2518; x_wconf 87' lang='lat' dir='ltr'>Tandem</span> <span class='ocrx_word' id='word_1_203' title='bbox 1751 2465 1820 2517; x_wconf 91' lang='lat' dir='ltr'>ad</span> <span class='ocrx_word' id='word_1_204' title='bbox 1866 2463 2080 2517; x_wconf 87' lang='lat' dir='ltr'>ordines</span> <span class='ocrx_word' id='word_1_205' title='bbox 2130 2463 2278 2533; x_wconf 88' lang='lat' dir='ltr'>ipsos</span> <span class='ocrx_word' id='word_1_206' title='bbox 2329 2467 2386 2517; x_wconf 90' lang='lat' dir='ltr'>et</span> <span class='ocrx_word' id='word_1_207' title='bbox 2435 2465 2504 2518; x_wconf 89' lang='lat' dir='ltr'>ad</span> <span class='ocrx_word' id='word_1_208' title='bbox 2542 2464 2946 2519; x_wconf 88' lang='lat' dir='ltr'>ecclesiasticas</span> 
     </span>
     <span class='ocr_line' id='line_1_21' title="bbox 287 2538 2946 2614; baseline 0.003 -22"><span class='ocrx_word' id='word_1_209' title='bbox 287 2538 592 2606; x_wconf 80' lang='lat' dir='ltr'>dignitates</span> <span class='ocrx_word' id='word_1_210' title='bbox 630 2543 855 2607; x_wconf 89' lang='lat' dir='ltr'>accedit,</span> <span class='ocrx_word' id='word_1_211' title='bbox 895 2544 1109 2609; x_wconf 89' lang='lat' dir='ltr'>docens,</span> <span class='ocrx_word' id='word_1_212' title='bbox 1149 2543 1344 2613; x_wconf 89' lang='lat' dir='ltr'>quibus</span> <span class='ocrx_word' id='word_1_213' title='bbox 1382 2547 1439 2598; x_wconf 89' lang='lat' dir='ltr'>et</span> <span class='ocrx_word' id='word_1_214' title='bbox 1475 2562 1572 2614; x_wconf 91' lang='lat' dir='ltr'>per</span> <span class='ocrx_word' id='word_1_215' title='bbox 1608 2561 1745 2612; x_wconf 87' lang='lat' dir='ltr'>quos</span> <span class='ocrx_word' id='word_1_216' title='bbox 1781 2543 1894 2597; x_wconf 90' lang='lat' dir='ltr'>sint</span> <span class='ocrx_word' id='word_1_217' title='bbox 1929 2544 2300 2598; x_wconf 88' lang='lat' dir='ltr'>conferendae.</span> <span class='ocrx_word' id='word_1_218' title='bbox 2373 2544 2604 2598; x_wconf 90' lang='lat' dir='ltr'>Demum</span> <span class='ocrx_word' id='word_1_219' title='bbox 2638 2546 2840 2600; x_wconf 82' lang='lat' dir='ltr'>transit</span> <span class='ocrx_word' id='word_1_220' title='bbox 2877 2547 2946 2599; x_wconf 90' lang='lat' dir='ltr'>ad</span> 
     </span>
     <span class='ocr_line' id='line_1_22' title="bbox 286 2623 2946 2697; baseline 0.003 -24"><span class='ocrx_word' id='word_1_221' title='bbox 286 2637 502 2691; x_wconf 65' lang='lat' dir='ltr'>eausa-s,</span> <span class='ocrx_word' id='word_1_222' title='bbox 542 2639 678 2690; x_wconf 85' lang='lat' dir='ltr'>quas</span> <span class='ocrx_word' id='word_1_223' title='bbox 715 2623 899 2679; x_wconf 87' lang='lat' dir='ltr'>varias</span> <span class='ocrx_word' id='word_1_224' title='bbox 937 2627 994 2678; x_wconf 89' lang='lat' dir='ltr'>et</span> <span class='ocrx_word' id='word_1_225' title='bbox 1028 2625 1359 2697; x_wconf 88' lang='lat' dir='ltr'>multiplices</span> <span class='ocrx_word' id='word_1_226' title='bbox 1389 2624 1556 2696; x_wconf 91' lang='lat' dir='ltr'>ponit,</span> <span class='ocrx_word' id='word_1_227' title='bbox 1594 2624 1652 2679; x_wconf 93' lang='lat' dir='ltr'>in</span> <span class='ocrx_word' id='word_1_228' title='bbox 1690 2624 1888 2694; x_wconf 91' lang='lat' dir='ltr'>quibus</span> <span class='ocrx_word' id='word_1_229' title='bbox 1924 2624 2174 2679; x_wconf 85' lang='lat' dir='ltr'>formatis</span> <span class='ocrx_word' id='word_1_230' title='bbox 2212 2624 2620 2694; x_wconf 88' lang='lat' dir='ltr'>quaestionibus</span> <span class='ocrx_word' id='word_1_231' title='bbox 2657 2625 2784 2680; x_wconf 91' lang='lat' dir='ltr'>hinc</span> <span class='ocrx_word' id='word_1_232' title='bbox 2820 2626 2946 2681; x_wconf 90' lang='lat' dir='ltr'>inde</span> 
     </span>
     <span class='ocr_line' id='line_1_23' title="bbox 283 2701 2947 2777; baseline 0.003 -23"><span class='ocrx_word' id='word_1_233' title='bbox 283 2701 348 2754; x_wconf 87' lang='lat' dir='ltr'>in</span> <span class='ocrx_word' id='word_1_234' title='bbox 387 2702 792 2757; x_wconf 77' lang='lat' dir='ltr'>confirmatione</span> <span class='ocrx_word' id='word_1_235' title='bbox 830 2708 886 2759; x_wconf 89' lang='lat' dir='ltr'>et</span> <span class='ocrx_word' id='word_1_236' title='bbox 921 2706 1211 2773; x_wconf 85' lang='lat' dir='ltr'>negatione</span> <span class='ocrx_word' id='word_1_237' title='bbox 1249 2706 1606 2760; x_wconf 87' lang='lat' dir='ltr'>auctoritates</span> <span class='ocrx_word' id='word_1_238' title='bbox 1645 2705 1866 2773; x_wconf 87' lang='lat' dir='ltr'>allegat,</span> <span class='ocrx_word' id='word_1_239' title='bbox 1905 2723 2042 2775; x_wconf 88' lang='lat' dir='ltr'>quas</span> <span class='ocrx_word' id='word_1_240' title='bbox 2066 2706 2222 2759; x_wconf 87' lang='lat' dir='ltr'>velut</span> <span class='ocrx_word' id='word_1_241' title='bbox 2258 2705 2432 2776; x_wconf 89' lang='lat' dir='ltr'>prima</span> <span class='ocrx_word' id='word_1_242' title='bbox 2457 2707 2635 2760; x_wconf 82' lang='lat' dir='ltr'>fronte</span> <span class='ocrx_word' id='word_1_243' title='bbox 2672 2708 2947 2777; x_wconf 87' lang='lat' dir='ltr'>oppositas</span> 
     </span>
     <span class='ocr_line' id='line_1_24' title="bbox 283 2783 2944 2854; baseline 0.002 -20"><span class='ocrx_word' id='word_1_244' title='bbox 283 2799 508 2851; x_wconf 86' lang='lat' dir='ltr'>semper</span> <span class='ocrx_word' id='word_1_245' title='bbox 544 2783 614 2837; x_wconf 89' lang='lat' dir='ltr'>ad</span> <span class='ocrx_word' id='word_1_246' title='bbox 651 2784 990 2839; x_wconf 86' lang='lat' dir='ltr'>concordiam</span> <span class='ocrx_word' id='word_1_247' title='bbox 1026 2804 1286 2840; x_wconf 90' lang='lat' dir='ltr'>revocare</span> <span class='ocrx_word' id='word_1_248' title='bbox 1337 2786 1628 2840; x_wconf 88' lang='lat' dir='ltr'>contendit.</span> <span class='ocrx_word' id='word_1_249' title='bbox 1705 2789 1773 2839; x_wconf 81' lang='lat' dir='ltr'>In</span> <span class='ocrx_word' id='word_1_250' title='bbox 1811 2789 2058 2839; x_wconf 73' lang='lat' dir='ltr'>extremis</span> <span class='ocrx_word' id='word_1_251' title='bbox 2113 2787 2178 2839; x_wconf 91' lang='lat' dir='ltr'>de</span> <span class='ocrx_word' id='word_1_252' title='bbox 2216 2785 2567 2854; x_wconf 84' lang='lat' dir='ltr'>ecclesiarum</span> <span class='ocrx_word' id='word_1_253' title='bbox 2607 2786 2944 2841; x_wconf 85' lang='lat' dir='ltr'>dedicatione</span> 
     </span>
     <span class='ocr_line' id='line_1_25' title="bbox 283 2865 2946 2937; baseline 0.002 -21"><span class='ocrx_word' id='word_1_254' title='bbox 283 2866 346 2916; x_wconf 89' lang='lat' dir='ltr'>et</span> <span class='ocrx_word' id='word_1_255' title='bbox 384 2879 606 2933; x_wconf 89' lang='lat' dir='ltr'>corpore</span> <span class='ocrx_word' id='word_1_256' title='bbox 659 2867 716 2918; x_wconf 88' lang='lat' dir='ltr'>et</span> <span class='ocrx_word' id='word_1_257' title='bbox 751 2865 1016 2932; x_wconf 88' lang='lat' dir='ltr'>sanguine</span> <span class='ocrx_word' id='word_1_258' title='bbox 1053 2866 1269 2920; x_wconf 90' lang='lat' dir='ltr'>Domini</span> <span class='ocrx_word' id='word_1_259' title='bbox 1319 2871 1484 2936; x_wconf 88' lang='lat' dir='ltr'>atque</span> <span class='ocrx_word' id='word_1_260' title='bbox 1540 2866 1808 2936; x_wconf 89' lang='lat' dir='ltr'>baptismo</span> <span class='ocrx_word' id='word_1_261' title='bbox 1862 2883 1964 2919; x_wconf 91' lang='lat' dir='ltr'>nec</span> <span class='ocrx_word' id='word_1_262' title='bbox 2007 2884 2115 2920; x_wconf 91' lang='lat' dir='ltr'>non</span> <span class='ocrx_word' id='word_1_263' title='bbox 2152 2868 2209 2919; x_wconf 90' lang='lat' dir='ltr'>et</span> <span class='ocrx_word' id='word_1_264' title='bbox 2258 2866 2662 2920; x_wconf 87' lang='lat' dir='ltr'>confirmatione</span> <span class='ocrx_word' id='word_1_265' title='bbox 2714 2867 2946 2937; x_wconf 88' lang='lat' dir='ltr'>pleniter</span> 
     </span>
     <span class='ocr_line' id='line_1_26' title="bbox 276 2943 2944 3017; baseline 0.002 -21"><span class='ocrx_word' id='word_1_266' title='bbox 276 2945 508 2997; x_wconf 82' lang='lat' dir='ltr'>tractat.</span> <span class='ocrx_word' id='word_1_267' title='bbox 582 2943 655 2997; x_wconf 89' lang='lat' dir='ltr'>Et</span> <span class='ocrx_word' id='word_1_268' title='bbox 690 2944 747 2997; x_wconf 91' lang='lat' dir='ltr'>in</span> <span class='ocrx_word' id='word_1_269' title='bbox 783 2945 869 2999; x_wconf 94' lang='lat' dir='ltr'>his</span> <span class='ocrx_word' id='word_1_270' title='bbox 906 2963 1065 3000; x_wconf 90' lang='lat' dir='ltr'>suum</span> <span class='ocrx_word' id='word_1_271' title='bbox 1102 2947 1318 3017; x_wconf 85' lang='lat' dir='ltr'>peragit</span> <span class='ocrx_word' id='word_1_272' title='bbox 1352 2948 1697 3001; x_wconf 87' lang='lat' dir='ltr'>tractatum.“</span> <span class='ocrx_word' id='word_1_273' title='bbox 1764 2946 1837 3000; x_wconf 89' lang='lat' dir='ltr'>Et</span> <span class='ocrx_word' id='word_1_274' title='bbox 1872 2949 1996 3016; x_wconf 90' lang='lat' dir='ltr'>post</span> <span class='ocrx_word' id='word_1_275' title='bbox 2030 2945 2421 3015; x_wconf 88' lang='lat' dir='ltr'>expositionem</span> <span class='ocrx_word' id='word_1_276' title='bbox 2460 2946 2669 3000; x_wconf 85' lang='lat' dir='ltr'>Causae</span> <span class='ocrx_word' id='word_1_277' title='bbox 2695 2947 2944 3001; x_wconf 89' lang='lat' dir='ltr'>XXXVI.</span> 
     </span>
     <span class='ocr_line' id='line_1_27' title="bbox 281 3022 2946 3096; baseline 0.002 -20"><span class='ocrx_word' id='word_1_278' title='bbox 281 3022 463 3092; x_wconf 85' lang='lat' dir='ltr'>partis</span> <span class='ocrx_word' id='word_1_279' title='bbox 500 3026 768 3079; x_wconf 90' lang='lat' dir='ltr'>secundae</span> <span class='ocrx_word' id='word_1_280' title='bbox 804 3025 948 3079; x_wconf 90' lang='lat' dir='ltr'>idem</span> <span class='ocrx_word' id='word_1_281' title='bbox 989 3029 1329 3096; x_wconf 80' lang='lat' dir='ltr'>Paueapalea</span> <span class='ocrx_word' id='word_1_282' title='bbox 1378 3026 1579 3081; x_wconf 88' lang='lat' dir='ltr'>ibidem</span> <span class='ocrx_word' id='word_1_283' title='bbox 1630 3027 1741 3081; x_wconf 88' lang='lat' dir='ltr'>ait:</span> <span class='ocrx_word' id='word_1_284' title='bbox 1805 3026 2098 3092; x_wconf 84' lang='lat' dir='ltr'>„Omnibus</span> <span class='ocrx_word' id='word_1_285' title='bbox 2136 3027 2474 3080; x_wconf 90' lang='lat' dir='ltr'>decretorum</span> <span class='ocrx_word' id='word_1_286' title='bbox 2512 3026 2707 3080; x_wconf 89' lang='lat' dir='ltr'>causis·</span> <span class='ocrx_word' id='word_1_287' title='bbox 2728 3028 2821 3081; x_wconf 86' lang='lat' dir='ltr'>vel</span> <span class='ocrx_word' id='word_1_288' title='bbox 2856 3046 2946 3081; x_wconf 90' lang='grc'><strong>110-</strong></span> 
     </span>
     <span class='ocr_line' id='line_1_28' title="bbox 281 3097 2946 3179; baseline 0.002 -22"><span class='ocrx_word' id='word_1_289' title='bbox 281 3097 456 3172; x_wconf 88' lang='lat' dir='ltr'>gotiis</span> <span class='ocrx_word' id='word_1_290' title='bbox 495 3105 739 3159; x_wconf 86' lang='lat' dir='ltr'>decursis</span> <span class='ocrx_word' id='word_1_291' title='bbox 793 3108 863 3160; x_wconf 88' lang='lat' dir='ltr'>ad</span> <span class='ocrx_word' id='word_1_292' title='bbox 913 3110 1158 3161; x_wconf 81' lang='lat' dir='ltr'>ultimam</span> <span class='ocrx_word' id='word_1_293' title='bbox 1206 3108 1368 3179; x_wconf 86' lang='lat' dir='ltr'>hujus</span> <span class='ocrx_word' id='word_1_294' title='bbox 1405 3107 1530 3161; x_wconf 89' lang='lat' dir='ltr'>libri</span> <span class='ocrx_word' id='word_1_295' title='bbox 1574 3111 1803 3161; x_wconf 86' lang='lat' dir='ltr'>ventum</span> <span class='ocrx_word' id='word_1_296' title='bbox 1853 3111 1940 3161; x_wconf 89' lang='lat' dir='ltr'>est</span> <span class='ocrx_word' id='word_1_297' title='bbox 1990 3110 2201 3177; x_wconf 87' lang='lat' dir='ltr'>partem</span> <span class='ocrx_word' id='word_1_298' title='bbox 2222 3150 2233 3171; x_wconf 92' lang='lat'>,</span> <span class='ocrx_word' id='word_1_299' title='bbox 2287 3124 2425 3175; x_wconf 89' lang='lat' dir='ltr'>quae</span> <span class='ocrx_word' id='word_1_300' title='bbox 2464 3106 2701 3176; x_wconf 89' lang='lat' dir='ltr'>quinque</span> <span class='ocrx_word' id='word_1_301' title='bbox 2747 3111 2834 3162; x_wconf 90' lang='lat' dir='ltr'>est</span> <span class='ocrx_word' id='word_1_302' title='bbox 2871 3108 2946 3162; x_wconf 92' lang='lat' dir='ltr'>di-</span> 
     </span>
     <span class='ocr_line' id='line_1_29' title="bbox 282 3183 1484 3242; baseline 0.004 -6"><span class='ocrx_word' id='word_1_303' title='bbox 282 3183 673 3238; x_wconf 89' lang='lat' dir='ltr'>stinctionibus</span> <span class='ocrx_word' id='word_1_304' title='bbox 710 3185 828 3240; x_wconf 89' lang='lat' dir='ltr'>sive</span> <span class='ocrx_word' id='word_1_305' title='bbox 867 3186 1221 3242; x_wconf 88' lang='lat' dir='ltr'>divisionibus</span> <span class='ocrx_word' id='word_1_306' title='bbox 1258 3187 1484 3241; x_wconf 84' lang='lat' dir='ltr'>divisa.“</span> 
     </span>
    </p>

    <p class='ocr_par' dir='ltr' id='par_1_8' title="bbox 277 3264 2949 4536">
     <span class='ocr_line' id='line_1_30' title="bbox 475 3264 2946 3337; baseline 0.002 -20"><span class='ocrx_word' id='word_1_307' title='bbox 475 3266 494 3300; x_wconf 70' lang='grc'>3</span> <span class='ocrx_word' id='word_1_308' title='bbox 531 3264 669 3318; x_wconf 88' lang='lat' dir='ltr'>Item</span> <span class='ocrx_word' id='word_1_309' title='bbox 717 3266 776 3319; x_wconf 93' lang='lat' dir='ltr'>in</span> <span class='ocrx_word' id='word_1_310' title='bbox 826 3284 926 3321; x_wconf 89' lang='lat' dir='ltr'>sua</span> <span class='ocrx_word' id='word_1_311' title='bbox 979 3269 1201 3320; x_wconf 81' lang='lat' dir='ltr'>Summa</span> <span class='ocrx_word' id='word_1_312' title='bbox 1250 3268 1470 3322; x_wconf 89' lang='lat' dir='ltr'>Decreti</span> <span class='ocrx_word' id='word_1_313' title='bbox 1529 3266 1696 3337; x_wconf 87' lang='lat' dir='ltr'>(apud</span> <span class='ocrx_word' id='word_1_314' title='bbox 1736 3269 1947 3320; x_wconf 77' lang='lat' dir='ltr'>Schulte</span> <span class='ocrx_word' id='word_1_315' title='bbox 1963 3308 1980 3336; x_wconf 87' lang='lat'>,</span> <span class='ocrx_word' id='word_1_316' title='bbox 2035 3266 2136 3320; x_wconf 93' lang='lat' dir='ltr'>Die</span> <span class='ocrx_word' id='word_1_317' title='bbox 2190 3266 2519 3320; x_wconf 88' lang='lat' dir='ltr'>Geschichte</span> <span class='ocrx_word' id='word_1_318' title='bbox 2572 3268 2667 3320; x_wconf 91' lang='lat' dir='ltr'>der</span> <span class='ocrx_word' id='word_1_319' title='bbox 2705 3267 2946 3332; x_wconf 85' lang='lat' dir='ltr'>Quellen‚</span> 
     </span>
     <span class='ocr_line' id='line_1_31' title="bbox 281 3344 2945 3415; baseline 0.001 -17"><span class='ocrx_word' id='word_1_320' title='bbox 281 3348 421 3398; x_wconf 89' lang='lat' dir='ltr'>tom.</span> <span class='ocrx_word' id='word_1_321' title='bbox 460 3344 502 3397; x_wconf 94' lang='lat' dir='ltr'>I.</span> <span class='ocrx_word' id='word_1_322' title='bbox 541 3363 593 3415; x_wconf 91' lang='lat' dir='ltr'>p.</span> <span class='ocrx_word' id='word_1_323' title='bbox 632 3346 778 3414; x_wconf 84' lang='lat'>249.)</span> <span class='ocrx_word' id='word_1_324' title='bbox 800 3389 813 3412; x_wconf 88' lang='lat'>,</span> <span class='ocrx_word' id='word_1_325' title='bbox 853 3347 1070 3401; x_wconf 89' lang='lat' dir='ltr'>dicens:</span> <span class='ocrx_word' id='word_1_326' title='bbox 1129 3348 1381 3413; x_wconf 86' lang='lat' dir='ltr'>„Restat‚</span> <span class='ocrx_word' id='word_1_327' title='bbox 1432 3348 1651 3401; x_wconf 91' lang='lat' dir='ltr'>modum</span> <span class='ocrx_word' id='word_1_328' title='bbox 1688 3347 1959 3401; x_wconf 87' lang='lat' dir='ltr'>tractandi</span> <span class='ocrx_word' id='word_1_329' title='bbox 1998 3350 2054 3400; x_wconf 91' lang='lat' dir='ltr'>et</span> <span class='ocrx_word' id='word_1_330' title='bbox 2090 3346 2332 3400; x_wconf 86' lang='lat' dir='ltr'>ordinem</span> <span class='ocrx_word' id='word_1_331' title='bbox 2348 3388 2360 3411; x_wconf 92' lang='lat'>,</span> <span class='ocrx_word' id='word_1_332' title='bbox 2415 3364 2519 3414; x_wconf 93' lang='lat' dir='ltr'>quo</span> <span class='ocrx_word' id='word_1_333' title='bbox 2555 3346 2730 3401; x_wconf 87' lang='lat' dir='ltr'>utitur</span> <span class='ocrx_word' id='word_1_334' title='bbox 2767 3348 2839 3401; x_wconf 94' lang='lat' dir='ltr'>M.</span> <span class='ocrx_word' id='word_1_335' title='bbox 2881 3348 2945 3402; x_wconf 92' lang='lat' dir='ltr'>G.</span> 
     </span>
     <span class='ocr_line' id='line_1_32' title="bbox 289 3424 2946 3497; baseline 0.002 -20"><span class='ocrx_word' id='word_1_336' title='bbox 289 3424 588 3492; x_wconf 89' lang='lat' dir='ltr'>(Magister</span> <span class='ocrx_word' id='word_1_337' title='bbox 625 3425 964 3495; x_wconf 82' lang='lat' dir='ltr'>Gratianus),</span> <span class='ocrx_word' id='word_1_338' title='bbox 1002 3428 1258 3497; x_wconf 86' lang='lat' dir='ltr'>aperire.“</span> <span class='ocrx_word' id='word_1_339' title='bbox 1296 3460 1360 3468; x_wconf 89' lang='lat'>—</span> <span class='ocrx_word' id='word_1_340' title='bbox 1394 3427 1604 3494; x_wconf 86' lang='lat' dir='ltr'>„Primo</span> <span class='ocrx_word' id='word_1_341' title='bbox 1641 3428 1827 3495; x_wconf 87' lang='lat' dir='ltr'>itaque</span> <span class='ocrx_word' id='word_1_342' title='bbox 1865 3428 1930 3481; x_wconf 90' lang='lat' dir='ltr'>de</span> <span class='ocrx_word' id='word_1_343' title='bbox 1967 3426 2176 3494; x_wconf 90' lang='lat' dir='ltr'>origine</span> <span class='ocrx_word' id='word_1_344' title='bbox 2207 3426 2349 3497; x_wconf 86' lang='lat' dir='ltr'>juris</span> <span class='ocrx_word' id='word_1_345' title='bbox 2385 3425 2608 3480; x_wconf 88' lang='lat' dir='ltr'>humani</span> <span class='ocrx_word' id='word_1_346' title='bbox 2645 3430 2702 3480; x_wconf 89' lang='lat' dir='ltr'>et</span> <span class='ocrx_word' id='word_1_347' title='bbox 2738 3427 2946 3495; x_wconf 90' lang='lat' dir='ltr'>origine</span> 
     </span>
     <span class='ocr_line' id='line_1_33' title="bbox 277 3504 2948 3578; baseline 0.002 -21"><span class='ocrx_word' id='word_1_348' title='bbox 277 3504 430 3575; x_wconf 85' lang='lat' dir='ltr'>juris</span> <span class='ocrx_word' id='word_1_349' title='bbox 470 3505 639 3559; x_wconf 85' lang='lat' dir='ltr'>divini</span> <span class='ocrx_word' id='word_1_350' title='bbox 676 3506 859 3573; x_wconf 90' lang='lat' dir='ltr'>agitur</span> <span class='ocrx_word' id='word_1_351' title='bbox 909 3511 966 3561; x_wconf 89' lang='lat' dir='ltr'>et</span> <span class='ocrx_word' id='word_1_352' title='bbox 1001 3513 1115 3561; x_wconf 78' lang='grc'><strong>10111</strong></span> <span class='ocrx_word' id='word_1_353' title='bbox 1152 3509 1253 3562; x_wconf 90' lang='grc'><strong>1100</strong></span> <span class='ocrx_word' id='word_1_354' title='bbox 1292 3526 1454 3576; x_wconf 91' lang='lat' dir='ltr'>quam</span> <span class='ocrx_word' id='word_1_355' title='bbox 1504 3508 1640 3561; x_wconf 90' lang='lat' dir='ltr'>illud</span> <span class='ocrx_word' id='word_1_356' title='bbox 1677 3526 1774 3578; x_wconf 90' lang='lat' dir='ltr'>per</span> <span class='ocrx_word' id='word_1_357' title='bbox 1809 3507 2020 3577; x_wconf 91' lang='lat' dir='ltr'>species</span> <span class='ocrx_word' id='word_1_358' title='bbox 2058 3506 2413 3573; x_wconf 87' lang='lat' dir='ltr'>distinguitur</span> <span class='ocrx_word' id='word_1_359' title='bbox 2468 3524 2532 3559; x_wconf 92' lang='grc'>00</span> <span class='ocrx_word' id='word_1_360' title='bbox 2568 3506 2710 3561; x_wconf 89' lang='lat' dir='ltr'>inter</span> <span class='ocrx_word' id='word_1_361' title='bbox 2747 3526 2948 3575; x_wconf 88' lang='lat' dir='ltr'>genera</span> 
     </span>
     <span class='ocr_line' id='line_1_34' title="bbox 284 3584 2947 3657; baseline 0.001 -19"><span class='ocrx_word' id='word_1_362' title='bbox 284 3587 348 3638; x_wconf 91' lang='lat' dir='ltr'>et</span> <span class='ocrx_word' id='word_1_363' title='bbox 385 3584 530 3638; x_wconf 91' lang='lat' dir='ltr'>inter</span> <span class='ocrx_word' id='word_1_364' title='bbox 565 3586 775 3656; x_wconf 89' lang='lat' dir='ltr'>species</span> <span class='ocrx_word' id='word_1_365' title='bbox 813 3590 868 3641; x_wconf 88' lang='lat' dir='ltr'>et</span> <span class='ocrx_word' id='word_1_366' title='bbox 904 3588 1281 3642; x_wconf 86' lang='lat' dir='ltr'>convenientia</span> <span class='ocrx_word' id='word_1_367' title='bbox 1319 3592 1375 3642; x_wconf 90' lang='lat' dir='ltr'>et</span> <span class='ocrx_word' id='word_1_368' title='bbox 1411 3587 1714 3642; x_wconf 88' lang='lat' dir='ltr'>differentia</span> <span class='ocrx_word' id='word_1_369' title='bbox 1737 3586 2113 3657; x_wconf 89' lang='lat' dir='ltr'>multipliciter</span> <span class='ocrx_word' id='word_1_370' title='bbox 2138 3586 2477 3653; x_wconf 56' lang='lat' dir='ltr'>assignatum</span> <span class='ocrx_word' id='word_1_371' title='bbox 2518 3590 2707 3656; x_wconf 85' lang='lat' dir='ltr'>postea</span> <span class='ocrx_word' id='word_1_372' title='bbox 2744 3589 2947 3655; x_wconf 89' lang='lat' dir='ltr'>gradus</span> 
     </span>
     <span class='ocr_line' id='line_1_35' title="bbox 285 3665 2946 3737; baseline 0.002 -19"><span class='ocrx_word' id='word_1_373' title='bbox 285 3667 349 3718; x_wconf 89' lang='lat' dir='ltr'>et</span> <span class='ocrx_word' id='word_1_374' title='bbox 387 3665 568 3719; x_wconf 87' lang='lat' dir='ltr'>officia</span> <span class='ocrx_word' id='word_1_375' title='bbox 605 3669 661 3720; x_wconf 90' lang='lat' dir='ltr'>et</span> <span class='ocrx_word' id='word_1_376' title='bbox 698 3667 993 3735; x_wconf 88' lang='lat' dir='ltr'>dignitates</span> <span class='ocrx_word' id='word_1_377' title='bbox 1031 3668 1454 3737; x_wconf 89' lang='lat' dir='ltr'>distinguuntur,</span> <span class='ocrx_word' id='word_1_378' title='bbox 1493 3672 1550 3722; x_wconf 89' lang='lat' dir='ltr'>et</span> <span class='ocrx_word' id='word_1_379' title='bbox 1575 3668 1697 3737; x_wconf 91' lang='lat' dir='ltr'>quis</span> <span class='ocrx_word' id='word_1_380' title='bbox 1734 3669 1953 3735; x_wconf 78' lang='lat' dir='ltr'>graduS,</span> <span class='ocrx_word' id='word_1_381' title='bbox 1992 3666 2095 3731; x_wconf 88' lang='lat' dir='ltr'>cui,</span> <span class='ocrx_word' id='word_1_382' title='bbox 2134 3684 2229 3736; x_wconf 93' lang='lat' dir='ltr'>per</span> <span class='ocrx_word' id='word_1_383' title='bbox 2267 3684 2426 3734; x_wconf 92' lang='lat' dir='ltr'>quem</span> <span class='ocrx_word' id='word_1_384' title='bbox 2467 3667 2700 3720; x_wconf 86' lang='lat' dir='ltr'>conferri</span> <span class='ocrx_word' id='word_1_385' title='bbox 2738 3668 2946 3732; x_wconf 89' lang='lat' dir='ltr'>debeat,</span> 
     </span>
     <span class='ocr_line' id='line_1_36' title="bbox 283 3744 2947 3819; baseline 0.001 -20"><span class='ocrx_word' id='word_1_386' title='bbox 283 3744 386 3799; x_wconf 91' lang='lat' dir='ltr'>ubi</span> <span class='ocrx_word' id='word_1_387' title='bbox 425 3745 590 3800; x_wconf 88' lang='lat' dir='ltr'>etiam</span> <span class='ocrx_word' id='word_1_388' title='bbox 629 3750 685 3801; x_wconf 89' lang='lat' dir='ltr'>et</span> <span class='ocrx_word' id='word_1_389' title='bbox 722 3749 935 3816; x_wconf 88' lang='lat' dir='ltr'>quando</span> <span class='ocrx_word' id='word_1_390' title='bbox 973 3751 1030 3802; x_wconf 90' lang='lat' dir='ltr'>et</span> <span class='ocrx_word' id='word_1_391' title='bbox 1067 3748 1204 3817; x_wconf 90' lang='lat' dir='ltr'>quis,</span> <span class='ocrx_word' id='word_1_392' title='bbox 1243 3749 1346 3814; x_wconf 88' lang='lat' dir='ltr'>cui,</span> <span class='ocrx_word' id='word_1_393' title='bbox 1385 3767 1481 3819; x_wconf 91' lang='lat' dir='ltr'>per</span> <span class='ocrx_word' id='word_1_394' title='bbox 1507 3766 1683 3817; x_wconf 90' lang='lat' dir='ltr'>quem.</span> <span class='ocrx_word' id='word_1_395' title='bbox 1722 3766 1817 3818; x_wconf 90' lang='lat' dir='ltr'>pro</span> <span class='ocrx_word' id='word_1_396' title='bbox 1851 3765 1955 3816; x_wconf 92' lang='lat' dir='ltr'>quo</span> <span class='ocrx_word' id='word_1_397' title='bbox 1994 3747 2233 3810; x_wconf 89' lang='lat' dir='ltr'>crimine,</span> <span class='ocrx_word' id='word_1_398' title='bbox 2273 3746 2507 3814; x_wconf 86' lang='lat' dir='ltr'>qualiter</span> <span class='ocrx_word' id='word_1_399' title='bbox 2531 3747 2734 3800; x_wconf 88' lang='lat' dir='ltr'>auferri</span> <span class='ocrx_word' id='word_1_400' title='bbox 2759 3747 2947 3817; x_wconf 86' lang='lat' dir='ltr'>possit,</span> 
     </span>
     <span class='ocr_line' id='line_1_37' title="bbox 285 3826 2947 3898; baseline 0 -17"><span class='ocrx_word' id='word_1_401' title='bbox 285 3831 349 3881; x_wconf 88' lang='lat' dir='ltr'>et</span> <span class='ocrx_word' id='word_1_402' title='bbox 388 3826 518 3894; x_wconf 88' lang='lat' dir='ltr'>quid</span> <span class='ocrx_word' id='word_1_403' title='bbox 556 3828 625 3881; x_wconf 91' lang='lat' dir='ltr'>ad</span> <span class='ocrx_word' id='word_1_404' title='bbox 663 3828 805 3895; x_wconf 91' lang='lat' dir='ltr'>quod</span> <span class='ocrx_word' id='word_1_405' title='bbox 842 3828 1079 3882; x_wconf 86' lang='lat' dir='ltr'>officium</span> <span class='ocrx_word' id='word_1_406' title='bbox 1115 3829 1399 3898; x_wconf 87' lang='lat' dir='ltr'>pertineat.</span> <span class='ocrx_word' id='word_1_407' title='bbox 1464 3828 1738 3893; x_wconf 86' lang='lat' dir='ltr'>Similiter,</span> <span class='ocrx_word' id='word_1_408' title='bbox 1778 3845 1917 3897; x_wconf 87' lang='lat' dir='ltr'>quae</span> <span class='ocrx_word' id='word_1_409' title='bbox 1943 3826 2199 3894; x_wconf 86' lang='lat' dir='ltr'>dignitas,</span> <span class='ocrx_word' id='word_1_410' title='bbox 2239 3826 2340 3891; x_wconf 90' lang='lat' dir='ltr'>cui,</span> <span class='ocrx_word' id='word_1_411' title='bbox 2380 3826 2575 3895; x_wconf 89' lang='lat' dir='ltr'>quibus</span> <span class='ocrx_word' id='word_1_412' title='bbox 2609 3828 2947 3892; x_wconf 75' lang='lat' dir='ltr'>electoribuS,</span> 
     </span>
     <span class='ocr_line' id='line_1_38' title="bbox 285 3899 2948 3979; baseline 0.001 -20"><span class='ocrx_word' id='word_1_413' title='bbox 285 3923 401 3975; x_wconf 89' lang='lat' dir='ltr'>quo</span> <span class='ocrx_word' id='word_1_414' title='bbox 439 3908 749 3961; x_wconf 89' lang='lat' dir='ltr'>conferente</span> <span class='ocrx_word' id='word_1_415' title='bbox 764 3949 778 3972; x_wconf 95' lang='lat'>,</span> <span class='ocrx_word' id='word_1_416' title='bbox 835 3925 939 3975; x_wconf 91' lang='lat' dir='ltr'>quo</span> <span class='ocrx_word' id='word_1_417' title='bbox 977 3909 1094 3962; x_wconf 85' lang='lat' dir='ltr'>loco</span> <span class='ocrx_word' id='word_1_418' title='bbox 1109 3951 1122 3973; x_wconf 91' lang='lat'>,</span> <span class='ocrx_word' id='word_1_419' title='bbox 1171 3909 1366 3977; x_wconf 89' lang='lat' dir='ltr'>quibus</span> <span class='ocrx_word' id='word_1_420' title='bbox 1403 3899 1780 3979; x_wconf 87' lang='lat' dir='ltr'>praesentibus</span> <span class='ocrx_word' id='word_1_421' title='bbox 1819 3907 2051 3962; x_wconf 90' lang='lat' dir='ltr'>conferri</span> <span class='ocrx_word' id='word_1_422' title='bbox 2088 3907 2284 3961; x_wconf 87' lang='lat' dir='ltr'>debeat</span> <span class='ocrx_word' id='word_1_423' title='bbox 2298 3928 2310 3971; x_wconf 91' lang='lat'>;</span> <span class='ocrx_word' id='word_1_424' title='bbox 2363 3910 2420 3960; x_wconf 89' lang='lat' dir='ltr'>et</span> <span class='ocrx_word' id='word_1_425' title='bbox 2455 3907 2578 3975; x_wconf 91' lang='lat' dir='ltr'>quis</span> <span class='ocrx_word' id='word_1_426' title='bbox 2596 3949 2607 3971; x_wconf 93' lang='lat'>,</span> <span class='ocrx_word' id='word_1_427' title='bbox 2647 3925 2679 3961; x_wconf 90' lang='lat' dir='ltr'>a</span> <span class='ocrx_word' id='word_1_428' title='bbox 2717 3926 2840 3976; x_wconf 91' lang='lat' dir='ltr'>qua,</span> <span class='ocrx_word' id='word_1_429' title='bbox 2879 3908 2948 3961; x_wconf 90' lang='lat' dir='ltr'>ad</span> 
     </span>
     <span class='ocr_line' id='line_1_39' title="bbox 285 3986 2946 4059; baseline 0.001 -20"><span class='ocrx_word' id='word_1_430' title='bbox 285 4003 461 4055; x_wconf 88' lang='lat' dir='ltr'>quam</span> <span class='ocrx_word' id='word_1_431' title='bbox 497 3989 856 4042; x_wconf 88' lang='lat' dir='ltr'>conscendere</span> <span class='ocrx_word' id='word_1_432' title='bbox 906 3989 1106 4059; x_wconf 88' lang='lat' dir='ltr'>possit,</span> <span class='ocrx_word' id='word_1_433' title='bbox 1163 3989 1480 4042; x_wconf 88' lang='lat' dir='ltr'>ostenditur.</span> <span class='ocrx_word' id='word_1_434' title='bbox 1555 3988 1762 4042; x_wconf 89' lang='lat' dir='ltr'>Deinde</span> <span class='ocrx_word' id='word_1_435' title='bbox 1800 3987 1918 4056; x_wconf 86' lang='lat' dir='ltr'>agit</span> <span class='ocrx_word' id='word_1_436' title='bbox 1952 3987 2027 4041; x_wconf 94' lang='lat' dir='ltr'>M.</span> <span class='ocrx_word' id='word_1_437' title='bbox 2068 3986 2131 4041; x_wconf 91' lang='lat' dir='ltr'>G.</span> <span class='ocrx_word' id='word_1_438' title='bbox 2186 3988 2251 4040; x_wconf 90' lang='lat' dir='ltr'>de</span> <span class='ocrx_word' id='word_1_439' title='bbox 2289 3990 2546 4054; x_wconf 75' lang='lat' dir='ltr'>judiciis,</span> <span class='ocrx_word' id='word_1_440' title='bbox 2598 3989 2946 4052; x_wconf 89' lang='lat' dir='ltr'>ostendendo,</span> 
     </span>
     <span class='ocr_line' id='line_1_40' title="bbox 286 4066 2947 4138; baseline 0.001 -19"><span class='ocrx_word' id='word_1_441' title='bbox 286 4066 534 4136; x_wconf 86' lang='lat' dir='ltr'>qualiter</span> <span class='ocrx_word' id='word_1_442' title='bbox 568 4067 917 4132; x_wconf 89' lang='lat' dir='ltr'>instituenda,</span> <span class='ocrx_word' id='word_1_443' title='bbox 955 4069 1315 4123; x_wconf 86' lang='lat' dir='ltr'>examinanda</span> <span class='ocrx_word' id='word_1_444' title='bbox 1353 4072 1409 4122; x_wconf 89' lang='lat' dir='ltr'>et</span> <span class='ocrx_word' id='word_1_445' title='bbox 1443 4068 1785 4123; x_wconf 88' lang='lat' dir='ltr'>terminanda</span> <span class='ocrx_word' id='word_1_446' title='bbox 1818 4068 1930 4122; x_wconf 88' lang='lat' dir='ltr'>sint</span> <span class='ocrx_word' id='word_1_447' title='bbox 1961 4067 2181 4138; x_wconf 86' lang='lat' dir='ltr'>judicia,</span> <span class='ocrx_word' id='word_1_448' title='bbox 2219 4067 2339 4121; x_wconf 89' lang='lat' dir='ltr'>sive</span> <span class='ocrx_word' id='word_1_449' title='bbox 2364 4068 2476 4121; x_wconf 90' lang='lat' dir='ltr'>sint</span> <span class='ocrx_word' id='word_1_450' title='bbox 2512 4067 2651 4121; x_wconf 88' lang='lat' dir='ltr'>aliae</span> <span class='ocrx_word' id='word_1_451' title='bbox 2689 4067 2947 4133; x_wconf 89' lang='lat' dir='ltr'>actiones,</span> 
     </span>
     <span class='ocr_line' id='line_1_41' title="bbox 283 4147 2949 4216; baseline -0 -14"><span class='ocrx_word' id='word_1_452' title='bbox 283 4148 417 4203; x_wconf 85' lang='lat' dir='ltr'>sive</span> <span class='ocrx_word' id='word_1_453' title='bbox 468 4148 856 4203; x_wconf 87' lang='lat' dir='ltr'>accusationes.</span> <span class='ocrx_word' id='word_1_454' title='bbox 930 4150 1017 4203; x_wconf 90' lang='lat' dir='ltr'>Ad</span> <span class='ocrx_word' id='word_1_455' title='bbox 1054 4149 1306 4203; x_wconf 89' lang='lat' dir='ltr'>ultimum</span> <span class='ocrx_word' id='word_1_456' title='bbox 1356 4149 1474 4216; x_wconf 88' lang='lat' dir='ltr'>agit</span> <span class='ocrx_word' id='word_1_457' title='bbox 1524 4151 1589 4203; x_wconf 87' lang='lat' dir='ltr'>de</span> <span class='ocrx_word' id='word_1_458' title='bbox 1637 4152 2002 4202; x_wconf 72' lang='lat' dir='ltr'>sacramentis.</span> <span class='ocrx_word' id='word_1_459' title='bbox 2077 4147 2376 4201; x_wconf 88' lang='lat' dir='ltr'>Possumus</span> <span class='ocrx_word' id='word_1_460' title='bbox 2427 4147 2591 4201; x_wconf 87' lang='lat' dir='ltr'>etiam</span> <span class='ocrx_word' id='word_1_461' title='bbox 2637 4147 2949 4202; x_wconf 90' lang='lat' dir='ltr'>distinctius</span> 
     </span>
     <span class='ocr_line' id='line_1_42' title="bbox 283 4227 2947 4299; baseline -0.001 -16"><span class='ocrx_word' id='word_1_462' title='bbox 283 4228 516 4283; x_wconf 90' lang='lat' dir='ltr'>modum</span> <span class='ocrx_word' id='word_1_463' title='bbox 549 4228 822 4282; x_wconf 88' lang='lat' dir='ltr'>tractandi</span> <span class='ocrx_word' id='word_1_464' title='bbox 858 4229 1067 4299; x_wconf 88' lang='lat' dir='ltr'>aperire</span> <span class='ocrx_word' id='word_1_465' title='bbox 1083 4271 1097 4294; x_wconf 90' lang='lat'>,</span> <span class='ocrx_word' id='word_1_466' title='bbox 1135 4230 1431 4283; x_wconf 90' lang='lat' dir='ltr'>secundum</span> <span class='ocrx_word' id='word_1_467' title='bbox 1469 4230 1611 4297; x_wconf 91' lang='lat' dir='ltr'>quod</span> <span class='ocrx_word' id='word_1_468' title='bbox 1646 4229 1721 4283; x_wconf 94' lang='lat' dir='ltr'>M.</span> <span class='ocrx_word' id='word_1_469' title='bbox 1762 4228 1827 4283; x_wconf 89' lang='lat' dir='ltr'>G.</span> <span class='ocrx_word' id='word_1_470' title='bbox 1864 4228 1922 4281; x_wconf 92' lang='lat' dir='ltr'>in</span> <span class='ocrx_word' id='word_1_471' title='bbox 1957 4236 2064 4281; x_wconf 80' lang='lat' dir='ltr'>tres</span> <span class='ocrx_word' id='word_1_472' title='bbox 2090 4236 2278 4296; x_wconf 75' lang='lat' dir='ltr'>partes</span> <span class='ocrx_word' id='word_1_473' title='bbox 2313 4227 2509 4280; x_wconf 91' lang='lat' dir='ltr'>librum</span> <span class='ocrx_word' id='word_1_474' title='bbox 2547 4245 2705 4281; x_wconf 90' lang='lat' dir='ltr'>suum</span> <span class='ocrx_word' id='word_1_475' title='bbox 2744 4227 2947 4281; x_wconf 84' lang='lat' dir='ltr'>divisit.</span> 
     </span>
     <span class='ocr_line' id='line_1_43' title="bbox 283 4307 2949 4379; baseline -0.001 -16"><span class='ocrx_word' id='word_1_476' title='bbox 283 4309 359 4363; x_wconf 89' lang='lat' dir='ltr'>In</span> <span class='ocrx_word' id='word_1_477' title='bbox 398 4308 573 4377; x_wconf 88' lang='lat' dir='ltr'>prima</span> <span class='ocrx_word' id='word_1_478' title='bbox 609 4308 753 4362; x_wconf 89' lang='lat' dir='ltr'>enim</span> <span class='ocrx_word' id='word_1_479' title='bbox 789 4312 960 4379; x_wconf 86' lang='lat' dir='ltr'>parte,</span> <span class='ocrx_word' id='word_1_480' title='bbox 999 4326 1138 4378; x_wconf 88' lang='lat' dir='ltr'>quae</span> <span class='ocrx_word' id='word_1_481' title='bbox 1175 4327 1272 4379; x_wconf 90' lang='lat' dir='ltr'>per</span> <span class='ocrx_word' id='word_1_482' title='bbox 1309 4308 1683 4363; x_wconf 86' lang='lat' dir='ltr'>distinctiones</span> <span class='ocrx_word' id='word_1_483' title='bbox 1718 4309 1965 4363; x_wconf 83' lang='lat' dir='ltr'>diversas</span> <span class='ocrx_word' id='word_1_484' title='bbox 2003 4307 2282 4371; x_wconf 84' lang='lat' dir='ltr'>dividitur,</span> <span class='ocrx_word' id='word_1_485' title='bbox 2321 4307 2437 4374; x_wconf 89' lang='lat' dir='ltr'>agit</span> <span class='ocrx_word' id='word_1_486' title='bbox 2476 4308 2541 4360; x_wconf 93' lang='lat' dir='ltr'>de</span> <span class='ocrx_word' id='word_1_487' title='bbox 2576 4307 2853 4377; x_wconf 87' lang='lat' dir='ltr'>personis;</span> <span class='ocrx_word' id='word_1_488' title='bbox 2890 4307 2949 4360; x_wconf 90' lang='lat' dir='ltr'>in</span> 
     </span>
     <span class='ocr_line' id='line_1_44' title="bbox 282 4386 2949 4459; baseline -0.001 -15"><span class='ocrx_word' id='word_1_489' title='bbox 282 4387 536 4444; x_wconf 87' lang='lat' dir='ltr'>secunda</span> <span class='ocrx_word' id='word_1_490' title='bbox 551 4430 565 4453; x_wconf 90' lang='lat'>,</span> <span class='ocrx_word' id='word_1_491' title='bbox 615 4405 756 4456; x_wconf 89' lang='lat' dir='ltr'>quae</span> <span class='ocrx_word' id='word_1_492' title='bbox 793 4407 889 4459; x_wconf 89' lang='lat' dir='ltr'>per</span> <span class='ocrx_word' id='word_1_493' title='bbox 925 4407 1121 4443; x_wconf 90' lang='lat' dir='ltr'>causas</span> <span class='ocrx_word' id='word_1_494' title='bbox 1137 4431 1149 4454; x_wconf 94' lang='lat'>,</span> <span class='ocrx_word' id='word_1_495' title='bbox 1200 4390 1267 4443; x_wconf 91' lang='lat' dir='ltr'>de</span> <span class='ocrx_word' id='word_1_496' title='bbox 1298 4388 1518 4459; x_wconf 85' lang='lat' dir='ltr'>judiciis</span> <span class='ocrx_word' id='word_1_497' title='bbox 1569 4388 1687 4443; x_wconf 86' lang='lat' dir='ltr'>sive</span> <span class='ocrx_word' id='word_1_498' title='bbox 1737 4388 1971 4456; x_wconf 88' lang='lat' dir='ltr'>negotiis</span> <span class='ocrx_word' id='word_1_499' title='bbox 2007 4391 2065 4442; x_wconf 90' lang='lat' dir='ltr'>et</span> <span class='ocrx_word' id='word_1_500' title='bbox 2098 4387 2300 4441; x_wconf 89' lang='lat' dir='ltr'>ibidem</span> <span class='ocrx_word' id='word_1_501' title='bbox 2351 4388 2416 4441; x_wconf 90' lang='lat' dir='ltr'>de</span> <span class='ocrx_word' id='word_1_502' title='bbox 2452 4387 2643 4451; x_wconf 81' lang='lat' dir='ltr'>rebus3</span> <span class='ocrx_word' id='word_1_503' title='bbox 2691 4387 2749 4441; x_wconf 90' lang='lat' dir='ltr'>in</span> <span class='ocrx_word' id='word_1_504' title='bbox 2782 4386 2949 4441; x_wconf 87' lang='lat' dir='ltr'>tertia</span> 
     </span>
     <span class='ocr_line' id='line_1_45' title="bbox 284 4468 1816 4536; baseline 0.001 -12"><span class='ocrx_word' id='word_1_505' title='bbox 284 4471 362 4524; x_wconf 88' lang='lat' dir='ltr'>de</span> <span class='ocrx_word' id='word_1_506' title='bbox 400 4468 805 4523; x_wconf 79' lang='lat' dir='ltr'>sacramentis.“</span> <span class='ocrx_word' id='word_1_507' title='bbox 942 4533 945 4536; x_wconf 14' lang='grc' dir='ltr'><strong>Α</strong></span> <span class='ocrx_word' id='word_1_508' title='bbox 1804 4469 1816 4480; x_wconf 83' lang='grc'><em>”</em></span> 
     </span>
    </p>

    <p class='ocr_par' dir='ltr' id='par_1_9' title="bbox 282 4547 2951 4860">
     <span class='ocr_line' id='line_1_46' title="bbox 478 4547 2947 4619; baseline 0 -18"><span class='ocrx_word' id='word_1_509' title='bbox 478 4549 502 4583; x_wconf 79' lang='lat'><strong>⁴</strong></span> <span class='ocrx_word' id='word_1_510' title='bbox 539 4548 643 4613; x_wconf 88' lang='lat' dir='ltr'>Qui</span> <span class='ocrx_word' id='word_1_511' title='bbox 677 4548 735 4602; x_wconf 92' lang='lat' dir='ltr'>in</span> <span class='ocrx_word' id='word_1_512' title='bbox 771 4566 871 4603; x_wconf 89' lang='lat' dir='ltr'>sua</span> <span class='ocrx_word' id='word_1_513' title='bbox 898 4551 1120 4603; x_wconf 78' lang='lat' dir='ltr'>Summa</span> <span class='ocrx_word' id='word_1_514' title='bbox 1143 4549 1362 4604; x_wconf 87' lang='lat' dir='ltr'>Decreti</span> <span class='ocrx_word' id='word_1_515' title='bbox 1406 4549 1572 4619; x_wconf 91' lang='lat' dir='ltr'>(apud</span> <span class='ocrx_word' id='word_1_516' title='bbox 1599 4551 1830 4618; x_wconf 78' lang='lat' dir='ltr'>Schulte,</span> <span class='ocrx_word' id='word_1_517' title='bbox 1867 4548 1968 4602; x_wconf 91' lang='lat' dir='ltr'>Die</span> <span class='ocrx_word' id='word_1_518' title='bbox 1995 4547 2323 4602; x_wconf 90' lang='lat' dir='ltr'>Geschichte</span> <span class='ocrx_word' id='word_1_519' title='bbox 2349 4548 2444 4601; x_wconf 89' lang='lat' dir='ltr'>der</span> <span class='ocrx_word' id='word_1_520' title='bbox 2470 4547 2712 4612; x_wconf 81' lang='lat' dir='ltr'>Quellen,</span> <span class='ocrx_word' id='word_1_521' title='bbox 2749 4550 2879 4602; x_wconf 90' lang='lat' dir='ltr'>tom.</span> <span class='ocrx_word' id='word_1_522' title='bbox 2906 4549 2947 4601; x_wconf 94' lang='lat' dir='ltr'>I.</span> 
     </span>
     <span class='ocr_line' id='line_1_47' title="bbox 282 4626 2947 4701; baseline -0.002 -16"><span class='ocrx_word' id='word_1_523' title='bbox 282 4650 346 4701; x_wconf 90' lang='lat' dir='ltr'>p.</span> <span class='ocrx_word' id='word_1_524' title='bbox 386 4627 535 4696; x_wconf 83' lang='lat'>255.)</span> <span class='ocrx_word' id='word_1_525' title='bbox 578 4628 684 4683; x_wconf 89' lang='lat' dir='ltr'>ait:</span> <span class='ocrx_word' id='word_1_526' title='bbox 729 4628 1126 4697; x_wconf 88' lang='lat' dir='ltr'>„Distinguitur</span> <span class='ocrx_word' id='word_1_527' title='bbox 1161 4629 1298 4683; x_wconf 91' lang='lat' dir='ltr'>liber</span> <span class='ocrx_word' id='word_1_528' title='bbox 1333 4630 1440 4684; x_wconf 91' lang='lat' dir='ltr'>iste</span> <span class='ocrx_word' id='word_1_529' title='bbox 1477 4629 1614 4683; x_wconf 88' lang='lat' dir='ltr'>alias</span> <span class='ocrx_word' id='word_1_530' title='bbox 1651 4630 1948 4683; x_wconf 90' lang='lat' dir='ltr'>secundum</span> <span class='ocrx_word' id='word_1_531' title='bbox 1987 4627 2326 4695; x_wconf 89' lang='lat' dir='ltr'>diligentiam</span> <span class='ocrx_word' id='word_1_532' title='bbox 2362 4628 2626 4681; x_wconf 85' lang='lat' dir='ltr'>lectorum</span> <span class='ocrx_word' id='word_1_533' title='bbox 2670 4626 2727 4695; x_wconf 92' lang='lat' dir='ltr'>(i.</span> <span class='ocrx_word' id='word_1_534' title='bbox 2763 4645 2810 4681; x_wconf 91' lang='lat' dir='ltr'>e.</span> <span class='ocrx_word' id='word_1_535' title='bbox 2837 4645 2947 4684; x_wconf 89' lang='lat' dir='ltr'>ma-</span> 
     </span>
     <span class='ocr_line' id='line_1_48' title="bbox 283 4707 2947 4780; baseline -0 -17"><span class='ocrx_word' id='word_1_536' title='bbox 283 4710 593 4780; x_wconf 85' lang='lat' dir='ltr'>gistrorum</span> <span class='ocrx_word' id='word_1_537' title='bbox 610 4751 623 4773; x_wconf 91' lang='lat'>,</span> <span class='ocrx_word' id='word_1_538' title='bbox 677 4708 855 4779; x_wconf 91' lang='lat' dir='ltr'>ipsum</span> <span class='ocrx_word' id='word_1_539' title='bbox 893 4713 1145 4764; x_wconf 89' lang='lat' dir='ltr'>oretenus</span> <span class='ocrx_word' id='word_1_540' title='bbox 1182 4709 1604 4780; x_wconf 83' lang='lat' dir='ltr'>explicantium3</span> <span class='ocrx_word' id='word_1_541' title='bbox 1657 4710 1755 4763; x_wconf 87' lang='lat' dir='ltr'>cfr.</span> <span class='ocrx_word' id='word_1_542' title='bbox 1793 4709 1937 4763; x_wconf 89' lang='lat' dir='ltr'>infra</span> <span class='ocrx_word' id='word_1_543' title='bbox 1974 4726 2090 4778; x_wconf 89' lang='lat' dir='ltr'>cap.</span> <span class='ocrx_word' id='word_1_544' title='bbox 2131 4709 2180 4762; x_wconf 89' lang='lat'>6.</span> <span class='ocrx_word' id='word_1_545' title='bbox 2221 4712 2322 4762; x_wconf 90' lang='lat' dir='ltr'>art.</span> <span class='ocrx_word' id='word_1_546' title='bbox 2364 4708 2410 4761; x_wconf 93' lang='lat'>1.</span> <span class='ocrx_word' id='word_1_547' title='bbox 2449 4707 2482 4773; x_wconf 67' lang='lat'>5</span> <span class='ocrx_word' id='word_1_548' title='bbox 2521 4707 2652 4775; x_wconf 86' lang='lat'>30.),</span> <span class='ocrx_word' id='word_1_549' title='bbox 2691 4707 2829 4762; x_wconf 89' lang='lat' dir='ltr'>alias</span> <span class='ocrx_word' id='word_1_550' title='bbox 2866 4725 2947 4762; x_wconf 91' lang='lat' dir='ltr'>se·</span> 
     </span>
     <span class='ocr_line' id='line_1_49' title="bbox 283 4788 2951 4860; baseline -0.002 -12"><span class='ocrx_word' id='word_1_551' title='bbox 283 4790 531 4848; x_wconf 74' lang='lat' dir='ltr'>eundum</span> <span class='ocrx_word' id='word_1_552' title='bbox 570 4789 1011 4844; x_wconf 86' lang='lat' dir='ltr'>consuetudinem</span> <span class='ocrx_word' id='word_1_553' title='bbox 1060 4789 1400 4860; x_wconf 90' lang='lat' dir='ltr'>scriptorum.</span> <span class='ocrx_word' id='word_1_554' title='bbox 1473 4789 1729 4843; x_wconf 89' lang='lat' dir='ltr'>Lectores</span> <span class='ocrx_word' id='word_1_555' title='bbox 1778 4788 1836 4842; x_wconf 92' lang='lat' dir='ltr'>in</span> <span class='ocrx_word' id='word_1_556' title='bbox 1884 4792 1999 4842; x_wconf 88' lang='lat' dir='ltr'>tres</span> <span class='ocrx_word' id='word_1_557' title='bbox 2036 4792 2221 4857; x_wconf 87' lang='lat' dir='ltr'>partes</span> <span class='ocrx_word' id='word_1_558' title='bbox 2271 4788 2628 4855; x_wconf 89' lang='lat' dir='ltr'>distinguunt.</span> <span class='ocrx_word' id='word_1_559' title='bbox 2704 4788 2856 4853; x_wconf 82' lang='lat' dir='ltr'>Quod</span> <span class='ocrx_word' id='word_1_560' title='bbox 2894 4791 2951 4842; x_wconf 89' lang='lat' dir='ltr'>et</span> 
     </span>
    </p>

    <p class='ocr_par' dir='ltr' id='par_1_10' title="bbox 400 4878 2531 4935">
     <span class='ocr_line' id='line_1_50' title="bbox 400 4878 2531 4935; baseline 0 -8"><span class='ocrx_word' id='word_1_561' title='bbox 400 4888 650 4932; x_wconf 74' lang='lat' dir='ltr'>Laui-ln,</span> <span class='ocrx_word' id='word_1_562' title='bbox 687 4887 865 4935; x_wconf 83' lang='lat' dir='ltr'>Corpus</span> <span class='ocrx_word' id='word_1_563' title='bbox 888 4887 1024 4935; x_wconf 81' lang='lat' dir='ltr'>Jurie.</span> <span class='ocrx_word' id='word_1_564' title='bbox 1051 4897 1150 4927; x_wconf 84' lang='lat' dir='ltr'>can.</span> <span class='ocrx_word' id='word_1_565' title='bbox 2498 4878 2531 4928; x_wconf 83' lang='grc'><strong>3</strong></span> 
     </span>
    </p>
   </div>
  </div>
 </body>
</html>
