<?xml version="1.0" encoding="UTF-8"?>
<!DOCTYPE html PUBLIC "-//W3C//DTD XHTML 1.0 Transitional//EN"
    "http://www.w3.org/TR/xhtml1/DTD/xhtml1-transitional.dtd">
<html xmlns="http://www.w3.org/1999/xhtml" xml:lang="en" lang="en">
 <head>
  <title>
</title>
<meta http-equiv="Content-Type" content="text/html;charset=utf-8" />
  <meta name='ocr-system' content='tesseract 3.04.00' />
  <meta name='ocr-capabilities' content='ocr_page ocr_carea ocr_par ocr_line ocrx_word'/>
</head>
<body>
  <div class='ocr_page' id='page_1' title='image "./introductioinco00laurgoog_0173.png"; bbox 0 0 3355 5328; ppageno 0'>
   <div class='ocr_carea' id='block_1_1' title="bbox 1355 300 2935 368">
    <p class='ocr_par' dir='ltr' id='par_1_1' title="bbox 1355 300 2935 368">
     <span class='ocr_line' id='line_1_1' title="bbox 1355 300 2935 368; baseline -0.001 -12"><span class='ocrx_word' id='word_1_1' title='bbox 1355 301 1537 357; x_wconf 86' lang='lat' dir='ltr'>Sectio</span> <span class='ocrx_word' id='word_1_2' title='bbox 1571 302 1639 356; x_wconf 87' lang='lat' dir='ltr'>H.</span> <span class='ocrx_word' id='word_1_3' title='bbox 1691 301 1724 368; x_wconf 67' lang='lat'>5</span> <span class='ocrx_word' id='word_1_4' title='bbox 1762 300 1847 355; x_wconf 79' lang='lat'>78.</span> <span class='ocrx_word' id='word_1_5' title='bbox 2830 301 2935 356; x_wconf 85' lang='lat'>143</span> 
     </span>
    </p>
   </div>
   <div class='ocr_carea' id='block_1_2' title="bbox 260 457 2936 2990">
    <p class='ocr_par' dir='ltr' id='par_1_2' title="bbox 264 457 2935 1307">
     <span class='ocr_line' id='line_1_2' title="bbox 452 457 2923 543; baseline 0 -20"><span class='ocrx_word' id='word_1_6' title='bbox 452 457 581 523; x_wconf 92' lang='lat' dir='ltr'>Per</span> <span class='ocrx_word' id='word_1_7' title='bbox 609 458 778 524; x_wconf 91' lang='lat' dir='ltr'>hanc</span> <span class='ocrx_word' id='word_1_8' title='bbox 810 458 1207 524; x_wconf 77' lang='lat' dir='ltr'><strong>clausulam:</strong></span> <span class='ocrx_word' id='word_1_9' title='bbox 1263 458 1659 537; x_wconf 84' lang='lat' dir='ltr'>„districtius</span> <span class='ocrx_word' id='word_1_10' title='bbox 1702 457 2139 542; x_wconf 76' lang='lat' dir='ltr'>prohibemuS,</span> <span class='ocrx_word' id='word_1_11' title='bbox 2189 479 2272 524; x_wconf 92' lang='lat' dir='ltr'>ne</span> <span class='ocrx_word' id='word_1_12' title='bbox 2304 458 2449 540; x_wconf 90' lang='lat' dir='ltr'>quis</span> <span class='ocrx_word' id='word_1_13' title='bbox 2483 511 2497 524; x_wconf 94' lang='lat'>.</span> <span class='ocrx_word' id='word_1_14' title='bbox 2525 510 2541 525; x_wconf 92' lang='lat'>.</span> <span class='ocrx_word' id='word_1_15' title='bbox 2572 510 2587 524; x_wconf 92' lang='lat'>.</span> <span class='ocrx_word' id='word_1_16' title='bbox 2622 458 2923 543; x_wconf 88' lang='lat' dir='ltr'>speciali“</span> 
     </span>
     <span class='ocr_line' id='line_1_3' title="bbox 274 554 2931 640; baseline 0 -20"><span class='ocrx_word' id='word_1_17' title='bbox 274 554 458 639; x_wconf 87' lang='lat' dir='ltr'>Papa</span> <span class='ocrx_word' id='word_1_18' title='bbox 504 555 860 639; x_wconf 76' lang='lat' dir='ltr'>Gregorius</span> <span class='ocrx_word' id='word_1_19' title='bbox 905 556 1052 635; x_wconf 91' lang='lat' dir='ltr'>IX.,</span> <span class='ocrx_word' id='word_1_20' title='bbox 1115 556 1211 622; x_wconf 91' lang='lat' dir='ltr'>uti</span> <span class='ocrx_word' id='word_1_21' title='bbox 1251 557 1391 639; x_wconf 88' lang='lat' dir='ltr'>jam</span> <span class='ocrx_word' id='word_1_22' title='bbox 1437 577 1475 622; x_wconf 91' lang='lat' dir='ltr'>e</span> <span class='ocrx_word' id='word_1_23' title='bbox 1521 559 1838 622; x_wconf 89' lang='lat' dir='ltr'>contextu</span> <span class='ocrx_word' id='word_1_24' title='bbox 1885 555 2245 638; x_wconf 74' lang='lat' dir='ltr'>colligitur,</span> <span class='ocrx_word' id='word_1_25' title='bbox 2304 555 2648 640; x_wconf 91' lang='lat' dir='ltr'>prohibere</span> <span class='ocrx_word' id='word_1_26' title='bbox 2701 555 2931 634; x_wconf 90' lang='lat' dir='ltr'>voluit,</span> 
     </span>
     <span class='ocr_line' id='line_1_4' title="bbox 264 652 2934 739; baseline 0 -21"><span class='ocrx_word' id='word_1_27' title='bbox 264 652 623 734; x_wconf 76' lang='lat' dir='ltr'>quominus</span> <span class='ocrx_word' id='word_1_28' title='bbox 651 653 795 736; x_wconf 89' lang='lat' dir='ltr'>quis</span> <span class='ocrx_word' id='word_1_29' title='bbox 826 657 978 738; x_wconf 92' lang='lat' dir='ltr'>post</span> <span class='ocrx_word' id='word_1_30' title='bbox 1008 654 1198 733; x_wconf 86' lang='grc'>113110,</span> <span class='ocrx_word' id='word_1_31' title='bbox 1248 655 1330 720; x_wconf 93' lang='lat' dir='ltr'>ab</span> <span class='ocrx_word' id='word_1_32' title='bbox 1364 675 1442 720; x_wconf 92' lang='lat' dir='ltr'>eo</span> <span class='ocrx_word' id='word_1_33' title='bbox 1472 653 1875 739; x_wconf 91' lang='lat' dir='ltr'>publicatam</span> <span class='ocrx_word' id='word_1_34' title='bbox 1907 653 2360 719; x_wconf 77' lang='lat' dir='ltr'>collectionem</span> <span class='ocrx_word' id='word_1_35' title='bbox 2391 653 2934 720; x_wconf 77' lang='lat' dir='ltr'>constitutionum</span> 
     </span>
     <span class='ocr_line' id='line_1_5' title="bbox 274 751 2931 837; baseline 0 -21"><span class='ocrx_word' id='word_1_36' title='bbox 274 754 345 816; x_wconf 91' lang='lat' dir='ltr'>et</span> <span class='ocrx_word' id='word_1_37' title='bbox 391 751 816 817; x_wconf 83' lang='lat' dir='ltr'>decretalium</span> <span class='ocrx_word' id='word_1_38' title='bbox 875 752 1300 837; x_wconf 89' lang='lat' dir='ltr'>epistolarum</span> <span class='ocrx_word' id='word_1_39' title='bbox 1359 753 1499 836; x_wconf 83' lang='lat' dir='ltr'>eJ‘us</span> <span class='ocrx_word' id='word_1_40' title='bbox 1544 752 2127 837; x_wconf 88' lang='lat' dir='ltr'>praedecessorum</span> <span class='ocrx_word' id='word_1_41' title='bbox 2187 755 2386 833; x_wconf 91' lang='lat' dir='ltr'>atque</span> <span class='ocrx_word' id='word_1_42' title='bbox 2447 751 2650 817; x_wconf 92' lang='lat' dir='ltr'>etiam</span> <span class='ocrx_word' id='word_1_43' title='bbox 2706 751 2931 835; x_wconf 89' lang='lat' dir='ltr'>ipsius,</span> 
     </span>
     <span class='ocr_line' id='line_1_6' title="bbox 275 848 2934 933; baseline 0 -20"><span class='ocrx_word' id='word_1_44' title='bbox 275 869 406 931; x_wconf 89' lang='lat' dir='ltr'>qua</span> <span class='ocrx_word' id='word_1_45' title='bbox 467 850 610 914; x_wconf 90' lang='lat' dir='ltr'>sola</span> <span class='ocrx_word' id='word_1_46' title='bbox 668 870 893 915; x_wconf 86' lang='lat' dir='ltr'>omnes</span> <span class='ocrx_word' id='word_1_47' title='bbox 951 848 1021 914; x_wconf 93' lang='lat' dir='ltr'>in</span> <span class='ocrx_word' id='word_1_48' title='bbox 1073 849 1334 933; x_wconf 88' lang='lat' dir='ltr'>judiciis</span> <span class='ocrx_word' id='word_1_49' title='bbox 1394 853 1462 917; x_wconf 91' lang='lat' dir='ltr'>et</span> <span class='ocrx_word' id='word_1_50' title='bbox 1507 850 1577 915; x_wconf 93' lang='lat' dir='ltr'>in</span> <span class='ocrx_word' id='word_1_51' title='bbox 1621 849 1862 915; x_wconf 88' lang='lat' dir='ltr'>scholis</span> <span class='ocrx_word' id='word_1_52' title='bbox 1907 849 2004 915; x_wconf 93' lang='lat' dir='ltr'>uti</span> <span class='ocrx_word' id='word_1_53' title='bbox 2044 849 2274 932; x_wconf 86' lang='lat' dir='ltr'>jussit,</span> <span class='ocrx_word' id='word_1_54' title='bbox 2337 849 2535 914; x_wconf 88' lang='lat' dir='ltr'>aliam</span> <span class='ocrx_word' id='word_1_55' title='bbox 2579 849 2934 915; x_wconf 90' lang='lat' dir='ltr'>earundem</span> 
     </span>
     <span class='ocr_line' id='line_1_7' title="bbox 275 946 2934 1032; baseline 0 -20"><span class='ocrx_word' id='word_1_56' title='bbox 275 947 815 1013; x_wconf 80' lang='lat' dir='ltr'>constitutionum</span> <span class='ocrx_word' id='word_1_57' title='bbox 877 951 946 1013; x_wconf 93' lang='lat' dir='ltr'>et</span> <span class='ocrx_word' id='word_1_58' title='bbox 1007 948 1431 1014; x_wconf 84' lang='lat' dir='ltr'>decretalium</span> <span class='ocrx_word' id='word_1_59' title='bbox 1478 947 1905 1032; x_wconf 88' lang='lat' dir='ltr'>epistolarum</span> <span class='ocrx_word' id='word_1_60' title='bbox 1952 946 2403 1012; x_wconf 89' lang='lat' dir='ltr'>collectionem</span> <span class='ocrx_word' id='word_1_61' title='bbox 2456 947 2702 1029; x_wconf 85' lang='lat' dir='ltr'>absque</span> <span class='ocrx_word' id='word_1_62' title='bbox 2750 947 2934 1013; x_wconf 85' lang='lat' dir='ltr'>Sedis</span> 
     </span>
     <span class='ocr_line' id='line_1_8' title="bbox 276 1044 2935 1130; baseline 0 -20"><span class='ocrx_word' id='word_1_63' title='bbox 276 1044 699 1128; x_wconf 89' lang='lat' dir='ltr'>Apostolicae</span> <span class='ocrx_word' id='word_1_64' title='bbox 744 1045 1011 1111; x_wconf 92' lang='lat' dir='ltr'>licentia</span> <span class='ocrx_word' id='word_1_65' title='bbox 1056 1046 1325 1130; x_wconf 92' lang='lat' dir='ltr'>speciali</span> <span class='ocrx_word' id='word_1_66' title='bbox 1372 1046 1696 1112; x_wconf 90' lang='lat' dir='ltr'>adornare</span> <span class='ocrx_word' id='word_1_67' title='bbox 1741 1047 2226 1130; x_wconf 89' lang='lat' dir='ltr'>praesumeret,</span> <span class='ocrx_word' id='word_1_68' title='bbox 2294 1065 2494 1126; x_wconf 91' lang='lat' dir='ltr'>quum</span> <span class='ocrx_word' id='word_1_69' title='bbox 2553 1066 2773 1124; x_wconf 92' lang='lat' dir='ltr'>secus,</span> <span class='ocrx_word' id='word_1_70' title='bbox 2836 1045 2935 1111; x_wconf 91' lang='lat' dir='ltr'>uti</span> 
     </span>
     <span class='ocr_line' id='line_1_9' title="bbox 274 1141 2933 1227; baseline 0.001 -21"><span class='ocrx_word' id='word_1_71' title='bbox 274 1163 397 1226; x_wconf 91' lang='lat' dir='ltr'>per</span> <span class='ocrx_word' id='word_1_72' title='bbox 427 1163 499 1207; x_wconf 92' lang='lat' dir='ltr'>se</span> <span class='ocrx_word' id='word_1_73' title='bbox 531 1143 762 1221; x_wconf 89' lang='lat' dir='ltr'>elucet,</span> <span class='ocrx_word' id='word_1_74' title='bbox 808 1143 876 1207; x_wconf 93' lang='lat' dir='ltr'>in</span> <span class='ocrx_word' id='word_1_75' title='bbox 900 1144 1145 1226; x_wconf 77' lang='grc'>]”113,311</span> <span class='ocrx_word' id='word_1_76' title='bbox 1179 1164 1255 1209; x_wconf 94' lang='lat' dir='ltr'>eo</span> <span class='ocrx_word' id='word_1_77' title='bbox 1302 1164 1421 1227; x_wconf 92' lang='lat' dir='ltr'>per</span> <span class='ocrx_word' id='word_1_78' title='bbox 1462 1144 1632 1209; x_wconf 91' lang='lat' dir='ltr'>hanc</span> <span class='ocrx_word' id='word_1_79' title='bbox 1663 1143 2116 1209; x_wconf 88' lang='lat' dir='ltr'>collectionem</span> <span class='ocrx_word' id='word_1_80' title='bbox 2161 1142 2530 1227; x_wconf 68' lang='lat' dir='ltr'>sancitum,</span> <span class='ocrx_word' id='word_1_81' title='bbox 2553 1141 2748 1208; x_wconf 87' lang='lat' dir='ltr'>facile</span> <span class='ocrx_word' id='word_1_82' title='bbox 2779 1164 2933 1225; x_wconf 89' lang='lat' dir='ltr'>gra-</span> 
     </span>
     <span class='ocr_line' id='line_1_10' title="bbox 272 1240 1374 1307; baseline 0.002 -2"><span class='ocrx_word' id='word_1_83' title='bbox 272 1240 551 1306; x_wconf 78' lang='lat' dir='ltr'>vissima</span> <span class='ocrx_word' id='word_1_84' title='bbox 597 1241 890 1306; x_wconf 80' lang='lat' dir='ltr'>confusio</span> <span class='ocrx_word' id='word_1_85' title='bbox 937 1241 1374 1307; x_wconf 89' lang='lat' dir='ltr'>induceretur.</span> 
     </span>
    </p>

    <p class='ocr_par' dir='ltr' id='par_1_3' title="bbox 260 1337 2936 2990">
     <span class='ocr_line' id='line_1_11' title="bbox 454 1337 2935 1421; baseline 0 -18"><span class='ocrx_word' id='word_1_86' title='bbox 454 1337 888 1421; x_wconf 85' lang='lat' dir='ltr'>Nequaquam</span> <span class='ocrx_word' id='word_1_87' title='bbox 951 1343 1175 1404; x_wconf 89' lang='lat' dir='ltr'>autem</span> <span class='ocrx_word' id='word_1_88' title='bbox 1241 1338 1541 1405; x_wconf 85' lang='lat' dir='ltr'>Summus</span> <span class='ocrx_word' id='word_1_89' title='bbox 1604 1338 1916 1405; x_wconf 82' lang='lat' dir='ltr'>Pontifex</span> <span class='ocrx_word' id='word_1_90' title='bbox 1984 1338 2111 1403; x_wconf 90' lang='lat' dir='ltr'>dici</span> <span class='ocrx_word' id='word_1_91' title='bbox 2178 1341 2401 1421; x_wconf 89' lang='lat' dir='ltr'>potest</span> <span class='ocrx_word' id='word_1_92' title='bbox 2461 1338 2578 1404; x_wconf 88' lang='grc'>1113</span> <span class='ocrx_word' id='word_1_93' title='bbox 2642 1339 2935 1404; x_wconf 89' lang='lat' dir='ltr'>clausula</span> 
     </span>
     <span class='ocr_line' id='line_1_12' title="bbox 272 1435 2934 1520; baseline 0 -20"><span class='ocrx_word' id='word_1_94' title='bbox 272 1435 565 1501; x_wconf 82' lang='lat' dir='ltr'>voluisse</span> <span class='ocrx_word' id='word_1_95' title='bbox 636 1437 933 1503; x_wconf 90' lang='lat' dir='ltr'>absolute</span> <span class='ocrx_word' id='word_1_96' title='bbox 1004 1436 1394 1504; x_wconf 89' lang='lat' dir='ltr'>interdicere</span> <span class='ocrx_word' id='word_1_97' title='bbox 1412 1488 1426 1516; x_wconf 96' lang='lat'>,</span> <span class='ocrx_word' id='word_1_98' title='bbox 1497 1458 1582 1503; x_wconf 94' lang='lat' dir='ltr'>ne</span> <span class='ocrx_word' id='word_1_99' title='bbox 1655 1437 1800 1520; x_wconf 90' lang='lat' dir='ltr'>quis</span> <span class='ocrx_word' id='word_1_100' title='bbox 1873 1436 2373 1503; x_wconf 88' lang='lat' dir='ltr'>constitutiones</span> <span class='ocrx_word' id='word_1_101' title='bbox 2437 1440 2508 1502; x_wconf 89' lang='lat' dir='ltr'>et</span> <span class='ocrx_word' id='word_1_102' title='bbox 2571 1437 2934 1502; x_wconf 90' lang='lat' dir='ltr'>decretales</span> 
     </span>
     <span class='ocr_line' id='line_1_13' title="bbox 274 1533 2935 1619; baseline 0 -21"><span class='ocrx_word' id='word_1_103' title='bbox 274 1533 614 1617; x_wconf 78' lang='lat' dir='ltr'>epistolae,</span> <span class='ocrx_word' id='word_1_104' title='bbox 664 1556 827 1618; x_wconf 88' lang='lat' dir='ltr'>quas</span> <span class='ocrx_word' id='word_1_105' title='bbox 876 1535 1123 1600; x_wconf 88' lang='lat' dir='ltr'>Summi</span> <span class='ocrx_word' id='word_1_106' title='bbox 1168 1535 1519 1601; x_wconf 87' lang='lat' dir='ltr'>Pontifices</span> <span class='ocrx_word' id='word_1_107' title='bbox 1568 1535 1873 1619; x_wconf 89' lang='lat' dir='ltr'>deinceps</span> <span class='ocrx_word' id='word_1_108' title='bbox 1920 1534 2261 1612; x_wconf 88' lang='lat' dir='ltr'>ediderint,</span> <span class='ocrx_word' id='word_1_109' title='bbox 2310 1534 2639 1600; x_wconf 89' lang='lat' dir='ltr'>ullatenus</span> <span class='ocrx_word' id='word_1_110' title='bbox 2686 1534 2752 1599; x_wconf 92' lang='lat' dir='ltr'>in</span> <span class='ocrx_word' id='word_1_111' title='bbox 2802 1535 2935 1600; x_wconf 93' lang='lat' dir='ltr'>col-</span> 
     </span>
     <span class='ocr_line' id='line_1_14' title="bbox 272 1630 2935 1717; baseline 0.001 -21"><span class='ocrx_word' id='word_1_112' title='bbox 272 1630 628 1697; x_wconf 90' lang='lat' dir='ltr'>lectionem</span> <span class='ocrx_word' id='word_1_113' title='bbox 697 1632 998 1714; x_wconf 84' lang='lat' dir='ltr'>redigere</span> <span class='ocrx_word' id='word_1_114' title='bbox 1071 1633 1320 1714; x_wconf 88' lang='lat' dir='ltr'>absque</span> <span class='ocrx_word' id='word_1_115' title='bbox 1395 1633 1664 1716; x_wconf 90' lang='lat' dir='ltr'>speciali</span> <span class='ocrx_word' id='word_1_116' title='bbox 1738 1632 1922 1698; x_wconf 85' lang='lat' dir='ltr'>Sedis</span> <span class='ocrx_word' id='word_1_117' title='bbox 1993 1631 2416 1717; x_wconf 89' lang='lat' dir='ltr'>Apostolicae</span> <span class='ocrx_word' id='word_1_118' title='bbox 2482 1631 2749 1698; x_wconf 90' lang='lat' dir='ltr'>licentia</span> <span class='ocrx_word' id='word_1_119' title='bbox 2817 1654 2935 1698; x_wconf 94' lang='lat' dir='ltr'>au-</span> 
     </span>
     <span class='ocr_line' id='line_1_15' title="bbox 260 1728 2935 1815; baseline 0.001 -21"><span class='ocrx_word' id='word_1_120' title='bbox 260 1728 486 1795; x_wconf 87' lang='lat' dir='ltr'>deret.</span> <span class='ocrx_word' id='word_1_121' title='bbox 579 1730 655 1795; x_wconf 97' lang='lat' dir='ltr'>Id</span> <span class='ocrx_word' id='word_1_122' title='bbox 715 1730 886 1794; x_wconf 93' lang='lat' dir='ltr'>enim</span> <span class='ocrx_word' id='word_1_123' title='bbox 931 1731 1143 1815; x_wconf 90' lang='lat' dir='ltr'>primo</span> <span class='ocrx_word' id='word_1_124' title='bbox 1193 1731 1497 1796; x_wconf 84' lang='lat' dir='ltr'>Summus</span> <span class='ocrx_word' id='word_1_125' title='bbox 1541 1731 1853 1797; x_wconf 84' lang='lat' dir='ltr'>Pontifex</span> <span class='ocrx_word' id='word_1_126' title='bbox 1912 1752 2034 1796; x_wconf 90' lang='lat' dir='ltr'>nec</span> <span class='ocrx_word' id='word_1_127' title='bbox 2093 1729 2287 1796; x_wconf 85' lang='lat' dir='ltr'>facile</span> <span class='ocrx_word' id='word_1_128' title='bbox 2347 1731 2691 1814; x_wconf 90' lang='lat' dir='ltr'>prohibere</span> <span class='ocrx_word' id='word_1_129' title='bbox 2740 1752 2935 1814; x_wconf 88' lang='lat' dir='ltr'>posse</span> 
     </span>
     <span class='ocr_line' id='line_1_16' title="bbox 274 1827 2936 1914; baseline 0.001 -23"><span class='ocrx_word' id='word_1_130' title='bbox 274 1827 545 1892; x_wconf 89' lang='lat' dir='ltr'>videtur</span> <span class='ocrx_word' id='word_1_131' title='bbox 564 1877 578 1906; x_wconf 90' lang='lat'>,</span> <span class='ocrx_word' id='word_1_132' title='bbox 642 1849 839 1910; x_wconf 90' lang='lat' dir='ltr'>quum</span> <span class='ocrx_word' id='word_1_133' title='bbox 901 1832 1081 1894; x_wconf 91' lang='lat' dir='ltr'>certe</span> <span class='ocrx_word' id='word_1_134' title='bbox 1126 1829 1194 1892; x_wconf 91' lang='lat' dir='ltr'>in</span> <span class='ocrx_word' id='word_1_135' title='bbox 1259 1851 1448 1894; x_wconf 91' lang='lat' dir='ltr'>suum</span> <span class='ocrx_word' id='word_1_136' title='bbox 1494 1829 1700 1914; x_wconf 92' lang='lat' dir='ltr'>ipsius</span> <span class='ocrx_word' id='word_1_137' title='bbox 1744 1849 1936 1895; x_wconf 93' lang='lat' dir='ltr'>usum</span> <span class='ocrx_word' id='word_1_138' title='bbox 1981 1831 2050 1895; x_wconf 92' lang='lat' dir='ltr'>et</span> <span class='ocrx_word' id='word_1_139' title='bbox 2095 1828 2383 1894; x_wconf 91' lang='lat' dir='ltr'>studium</span> <span class='ocrx_word' id='word_1_140' title='bbox 2429 1829 2693 1894; x_wconf 87' lang='lat' dir='ltr'>cuilibet</span> <span class='ocrx_word' id='word_1_141' title='bbox 2737 1830 2936 1894; x_wconf 92' lang='lat' dir='ltr'>licere</span> 
     </span>
     <span class='ocr_line' id='line_1_17' title="bbox 277 1925 2936 2008; baseline 0.001 -18"><span class='ocrx_word' id='word_1_142' title='bbox 277 1925 523 1990; x_wconf 90' lang='lat' dir='ltr'>debeat</span> <span class='ocrx_word' id='word_1_143' title='bbox 539 1974 554 2004; x_wconf 90' lang='lat'>,</span> <span class='ocrx_word' id='word_1_144' title='bbox 604 1925 1106 1992; x_wconf 89' lang='lat' dir='ltr'>constitutiones</span> <span class='ocrx_word' id='word_1_145' title='bbox 1154 1926 1634 1993; x_wconf 88' lang='lat' dir='ltr'>ecclesiasticas</span> <span class='ocrx_word' id='word_1_146' title='bbox 1682 1927 1805 1993; x_wconf 92' lang='lat' dir='ltr'>sibi</span> <span class='ocrx_word' id='word_1_147' title='bbox 1850 1927 1919 1991; x_wconf 91' lang='lat' dir='ltr'>in</span> <span class='ocrx_word' id='word_1_148' title='bbox 1959 1947 2161 1991; x_wconf 91' lang='lat' dir='ltr'>unum</span> <span class='ocrx_word' id='word_1_149' title='bbox 2206 1926 2533 2008; x_wconf 88' lang='lat' dir='ltr'>colligere.</span> <span class='ocrx_word' id='word_1_150' title='bbox 2626 1927 2830 1992; x_wconf 92' lang='lat' dir='ltr'>Porro</span> <span class='ocrx_word' id='word_1_151' title='bbox 2879 1927 2936 1992; x_wconf 91' lang='lat' dir='ltr'>si</span> 
     </span>
     <span class='ocr_line' id='line_1_18' title="bbox 273 2022 2936 2109; baseline 0.001 -22"><span class='ocrx_word' id='word_1_152' title='bbox 273 2022 344 2088; x_wconf 94' lang='lat' dir='ltr'>id</span> <span class='ocrx_word' id='word_1_153' title='bbox 393 2023 696 2088; x_wconf 86' lang='lat' dir='ltr'>Summus</span> <span class='ocrx_word' id='word_1_154' title='bbox 740 2023 1051 2089; x_wconf 84' lang='lat' dir='ltr'>Pontifex</span> <span class='ocrx_word' id='word_1_155' title='bbox 1106 2024 1223 2090; x_wconf 87' lang='lat' dir='ltr'>illa</span> <span class='ocrx_word' id='word_1_156' title='bbox 1268 2025 1561 2091; x_wconf 91' lang='lat' dir='ltr'>clausula</span> <span class='ocrx_word' id='word_1_157' title='bbox 1619 2025 1966 2109; x_wconf 90' lang='lat' dir='ltr'>prohibere</span> <span class='ocrx_word' id='word_1_158' title='bbox 2025 2023 2345 2089; x_wconf 90' lang='lat' dir='ltr'>voluisset</span> <span class='ocrx_word' id='word_1_159' title='bbox 2362 2074 2377 2103; x_wconf 95' lang='lat'>,</span> <span class='ocrx_word' id='word_1_160' title='bbox 2439 2025 2760 2107; x_wconf 92' lang='lat' dir='ltr'>quomodo</span> <span class='ocrx_word' id='word_1_161' title='bbox 2823 2025 2936 2090; x_wconf 89' lang='lat' dir='ltr'>de-</span> 
     </span>
     <span class='ocr_line' id='line_1_19' title="bbox 272 2120 2936 2206; baseline 0 -20"><span class='ocrx_word' id='word_1_162' title='bbox 272 2120 430 2186; x_wconf 91' lang='lat' dir='ltr'>inde</span> <span class='ocrx_word' id='word_1_163' title='bbox 489 2121 794 2187; x_wconf 87' lang='lat' dir='ltr'>catholici</span> <span class='ocrx_word' id='word_1_164' title='bbox 854 2125 923 2188; x_wconf 89' lang='lat' dir='ltr'>et</span> <span class='ocrx_word' id='word_1_165' title='bbox 985 2122 1075 2206; x_wconf 93' lang='lat' dir='ltr'>pii</span> <span class='ocrx_word' id='word_1_166' title='bbox 1122 2122 1502 2188; x_wconf 89' lang='lat' dir='ltr'>canonistae</span> <span class='ocrx_word' id='word_1_167' title='bbox 1563 2123 1979 2188; x_wconf 90' lang='lat' dir='ltr'>nihilominus</span> <span class='ocrx_word' id='word_1_168' title='bbox 2042 2122 2459 2188; x_wconf 89' lang='lat' dir='ltr'>collectiones</span> <span class='ocrx_word' id='word_1_169' title='bbox 2522 2122 2936 2188; x_wconf 88' lang='lat' dir='ltr'>constitutio-</span> 
     </span>
     <span class='ocr_line' id='line_1_20' title="bbox 270 2219 2936 2304; baseline 0.001 -21"><span class='ocrx_word' id='word_1_170' title='bbox 270 2240 437 2284; x_wconf 89' lang='lat' dir='ltr'>num</span> <span class='ocrx_word' id='word_1_171' title='bbox 506 2222 575 2285; x_wconf 89' lang='lat' dir='ltr'>et</span> <span class='ocrx_word' id='word_1_172' title='bbox 643 2219 1068 2286; x_wconf 87' lang='lat' dir='ltr'>decretalium</span> <span class='ocrx_word' id='word_1_173' title='bbox 1137 2220 1562 2304; x_wconf 88' lang='lat' dir='ltr'>epistolarum</span> <span class='ocrx_word' id='word_1_174' title='bbox 1590 2271 1604 2299; x_wconf 91' lang='lat'>,</span> <span class='ocrx_word' id='word_1_175' title='bbox 1689 2224 1843 2304; x_wconf 93' lang='lat' dir='ltr'>post</span> <span class='ocrx_word' id='word_1_176' title='bbox 1913 2220 2095 2285; x_wconf 88' lang='lat' dir='ltr'>illam</span> <span class='ocrx_word' id='word_1_177' title='bbox 2168 2220 2414 2285; x_wconf 91' lang='lat' dir='ltr'>bullam</span> <span class='ocrx_word' id='word_1_178' title='bbox 2482 2221 2702 2304; x_wconf 89' lang='lat' dir='ltr'>Papae</span> <span class='ocrx_word' id='word_1_179' title='bbox 2774 2221 2936 2285; x_wconf 86' lang='lat' dir='ltr'>Gre-</span> 
     </span>
     <span class='ocr_line' id='line_1_21' title="bbox 272 2316 2935 2403; baseline 0 -21"><span class='ocrx_word' id='word_1_180' title='bbox 272 2316 450 2399; x_wconf 87' lang='lat' dir='ltr'>gorii</span> <span class='ocrx_word' id='word_1_181' title='bbox 494 2316 629 2395; x_wconf 84' lang='lat' dir='ltr'>IX.,</span> <span class='ocrx_word' id='word_1_182' title='bbox 692 2321 762 2383; x_wconf 91' lang='lat' dir='ltr'>et</span> <span class='ocrx_word' id='word_1_183' title='bbox 803 2318 1194 2401; x_wconf 89' lang='lat' dir='ltr'>praesertim</span> <span class='ocrx_word' id='word_1_184' title='bbox 1239 2322 1390 2403; x_wconf 93' lang='lat' dir='ltr'>post</span> <span class='ocrx_word' id='word_1_185' title='bbox 1435 2318 1628 2402; x_wconf 88' lang='lat' dir='ltr'>hujus</span> <span class='ocrx_word' id='word_1_186' title='bbox 1673 2321 1956 2384; x_wconf 92' lang='lat' dir='ltr'>mortem</span> <span class='ocrx_word' id='word_1_187' title='bbox 2002 2317 2327 2383; x_wconf 91' lang='lat' dir='ltr'>editarum</span> <span class='ocrx_word' id='word_1_188' title='bbox 2346 2367 2361 2396; x_wconf 95' lang='lat'>,</span> <span class='ocrx_word' id='word_1_189' title='bbox 2424 2318 2746 2383; x_wconf 91' lang='lat' dir='ltr'>adornare</span> <span class='ocrx_word' id='word_1_190' title='bbox 2793 2318 2935 2383; x_wconf 89' lang='lat' dir='ltr'>ausi</span> 
     </span>
     <span class='ocr_line' id='line_1_22' title="bbox 272 2414 2936 2501; baseline 0 -21"><span class='ocrx_word' id='word_1_191' title='bbox 272 2414 606 2480; x_wconf 76' lang='lat' dir='ltr'>fuissent?</span> <span class='ocrx_word' id='word_1_192' title='bbox 669 2415 859 2481; x_wconf 83' lang='lat' dir='ltr'>Certe</span> <span class='ocrx_word' id='word_1_193' title='bbox 906 2437 990 2481; x_wconf 91' lang='lat' dir='ltr'>ex</span> <span class='ocrx_word' id='word_1_194' title='bbox 1035 2419 1333 2500; x_wconf 92' lang='lat' dir='ltr'>tempore</span> <span class='ocrx_word' id='word_1_195' title='bbox 1378 2420 1531 2501; x_wconf 89' lang='lat' dir='ltr'>post</span> <span class='ocrx_word' id='word_1_196' title='bbox 1574 2419 1856 2482; x_wconf 92' lang='lat' dir='ltr'>mortem</span> <span class='ocrx_word' id='word_1_197' title='bbox 1895 2416 2188 2500; x_wconf 73' lang='lat' dir='ltr'>Greqorii</span> <span class='ocrx_word' id='word_1_198' title='bbox 2220 2416 2343 2481; x_wconf 90' lang='lat' dir='ltr'>IX.</span> <span class='ocrx_word' id='word_1_199' title='bbox 2390 2436 2596 2497; x_wconf 92' lang='lat' dir='ltr'>usque</span> <span class='ocrx_word' id='word_1_200' title='bbox 2644 2416 2727 2480; x_wconf 92' lang='lat' dir='ltr'>ad</span> <span class='ocrx_word' id='word_1_201' title='bbox 2763 2416 2936 2482; x_wconf 93' lang='lat' dir='ltr'>Pon-</span> 
     </span>
     <span class='ocr_line' id='line_1_23' title="bbox 271 2512 2935 2597; baseline 0 -19"><span class='ocrx_word' id='word_1_202' title='bbox 271 2512 602 2579; x_wconf 88' lang='lat' dir='ltr'>tificatum</span> <span class='ocrx_word' id='word_1_203' title='bbox 647 2514 978 2597; x_wconf 81' lang='lat' dir='ltr'>Bonifacii</span> <span class='ocrx_word' id='word_1_204' title='bbox 1025 2514 1203 2579; x_wconf 88' lang='lat' dir='ltr'>VHI.</span> <span class='ocrx_word' id='word_1_205' title='bbox 1263 2512 1763 2597; x_wconf 85' lang='lat'>(1294—1303)</span> <span class='ocrx_word' id='word_1_206' title='bbox 1818 2514 2041 2597; x_wconf 91' lang='lat' dir='ltr'>plures</span> <span class='ocrx_word' id='word_1_207' title='bbox 2093 2513 2461 2596; x_wconf 89' lang='lat' dir='ltr'>hujusmodi</span> <span class='ocrx_word' id='word_1_208' title='bbox 2518 2513 2935 2579; x_wconf 89' lang='lat' dir='ltr'>collectiones</span> 
     </span>
     <span class='ocr_line' id='line_1_24' title="bbox 269 2610 2935 2696; baseline 0 -20"><span class='ocrx_word' id='word_1_209' title='bbox 269 2613 549 2696; x_wconf 90' lang='lat' dir='ltr'>praesto</span> <span class='ocrx_word' id='word_1_210' title='bbox 594 2614 779 2690; x_wconf 90' lang='lat' dir='ltr'>sunt,</span> <span class='ocrx_word' id='word_1_211' title='bbox 842 2610 998 2694; x_wconf 93' lang='lat' dir='ltr'>quin</span> <span class='ocrx_word' id='word_1_212' title='bbox 1043 2611 1112 2677; x_wconf 90' lang='lat' dir='ltr'>in</span> <span class='ocrx_word' id='word_1_213' title='bbox 1155 2611 1287 2677; x_wconf 87' lang='lat' dir='ltr'>illis</span> <span class='ocrx_word' id='word_1_214' title='bbox 1331 2612 1498 2691; x_wconf 90' lang='grc' dir='ltr'>11Π3,</span> <span class='ocrx_word' id='word_1_215' title='bbox 1561 2612 1669 2678; x_wconf 90' lang='lat' dir='ltr'>vel</span> <span class='ocrx_word' id='word_1_216' title='bbox 1714 2611 2016 2691; x_wconf 89' lang='lat' dir='ltr'>minima,</span> <span class='ocrx_word' id='word_1_217' title='bbox 2077 2610 2474 2695; x_wconf 88' lang='lat' dir='ltr'>impetratae</span> <span class='ocrx_word' id='word_1_218' title='bbox 2528 2612 2611 2677; x_wconf 92' lang='lat' dir='ltr'>ad</span> <span class='ocrx_word' id='word_1_219' title='bbox 2658 2632 2770 2678; x_wconf 91' lang='lat' dir='ltr'>eas</span> <span class='ocrx_word' id='word_1_220' title='bbox 2818 2612 2935 2678; x_wconf 93' lang='lat' dir='ltr'>ad-</span> 
     </span>
     <span class='ocr_line' id='line_1_25' title="bbox 271 2709 2936 2795; baseline 0 -20"><span class='ocrx_word' id='word_1_221' title='bbox 271 2709 606 2775; x_wconf 88' lang='lat' dir='ltr'>ornandas</span> <span class='ocrx_word' id='word_1_222' title='bbox 652 2709 953 2793; x_wconf 92' lang='lat' dir='ltr'>specialis</span> <span class='ocrx_word' id='word_1_223' title='bbox 998 2709 1302 2776; x_wconf 87' lang='lat' dir='ltr'>licentiae</span> <span class='ocrx_word' id='word_1_224' title='bbox 1350 2709 1534 2776; x_wconf 85' lang='lat' dir='ltr'>Sedis</span> <span class='ocrx_word' id='word_1_225' title='bbox 1580 2710 2003 2795; x_wconf 89' lang='lat' dir='ltr'>Apostolicae</span> <span class='ocrx_word' id='word_1_226' title='bbox 2048 2710 2293 2776; x_wconf 91' lang='lat' dir='ltr'>mentio</span> <span class='ocrx_word' id='word_1_227' title='bbox 2338 2712 2459 2777; x_wconf 89' lang='lat' dir='ltr'>fiat</span> <span class='ocrx_word' id='word_1_228' title='bbox 2482 2710 2523 2777; x_wconf 81' lang='lat'>¹.</span> <span class='ocrx_word' id='word_1_229' title='bbox 2602 2711 2692 2776; x_wconf 89' lang='lat' dir='ltr'>Et</span> <span class='ocrx_word' id='word_1_230' title='bbox 2738 2710 2795 2776; x_wconf 93' lang='lat' dir='ltr'>si</span> <span class='ocrx_word' id='word_1_231' title='bbox 2839 2710 2936 2776; x_wconf 91' lang='lat' dir='ltr'>illi</span> 
     </span>
     <span class='ocr_line' id='line_1_26' title="bbox 267 2807 2930 2891; baseline 0.001 -19"><span class='ocrx_word' id='word_1_232' title='bbox 267 2807 403 2872; x_wconf 84' lang='lat' dir='ltr'>viri</span> <span class='ocrx_word' id='word_1_233' title='bbox 451 2807 575 2872; x_wconf 92' lang='lat' dir='ltr'>hoc</span> <span class='ocrx_word' id='word_1_234' title='bbox 625 2807 825 2891; x_wconf 87' lang='lat' dir='ltr'>impie</span> <span class='ocrx_word' id='word_1_235' title='bbox 884 2807 1027 2872; x_wconf 90' lang='lat' dir='ltr'>ausi</span> <span class='ocrx_word' id='word_1_236' title='bbox 1088 2811 1310 2873; x_wconf 89' lang='lat' dir='ltr'>essent</span> <span class='ocrx_word' id='word_1_237' title='bbox 1327 2857 1342 2886; x_wconf 94' lang='lat'>,</span> <span class='ocrx_word' id='word_1_238' title='bbox 1405 2830 1559 2873; x_wconf 90' lang='lat' dir='ltr'>num</span> <span class='ocrx_word' id='word_1_239' title='bbox 1619 2808 1686 2873; x_wconf 93' lang='lat' dir='ltr'>id</span> <span class='ocrx_word' id='word_1_240' title='bbox 1734 2808 1981 2874; x_wconf 86' lang='lat' dir='ltr'>Summi</span> <span class='ocrx_word' id='word_1_241' title='bbox 2026 2807 2378 2874; x_wconf 89' lang='lat' dir='ltr'>Pontifices</span> <span class='ocrx_word' id='word_1_242' title='bbox 2396 2858 2410 2887; x_wconf 92' lang='lat'>,</span> <span class='ocrx_word' id='word_1_243' title='bbox 2476 2809 2775 2890; x_wconf 80' lang='lat' dir='ltr'>Gregorii</span> <span class='ocrx_word' id='word_1_244' title='bbox 2819 2810 2930 2875; x_wconf 91' lang='lat' dir='ltr'>IX.</span> 
     </span>
     <span class='ocr_line' id='line_1_27' title="bbox 265 2904 2374 2990; baseline 0 -19"><span class='ocrx_word' id='word_1_245' title='bbox 265 2925 703 2984; x_wconf 89' lang='lat' dir='ltr'>successores,</span> <span class='ocrx_word' id='word_1_246' title='bbox 750 2905 1101 2972; x_wconf 87' lang='lat' dir='ltr'>toleraturi</span> <span class='ocrx_word' id='word_1_247' title='bbox 1147 2909 1217 2971; x_wconf 90' lang='lat' dir='ltr'>et</span> <span class='ocrx_word' id='word_1_248' title='bbox 1261 2905 1524 2990; x_wconf 89' lang='lat' dir='ltr'>impune</span> <span class='ocrx_word' id='word_1_249' title='bbox 1571 2927 1717 2972; x_wconf 89' lang='lat' dir='ltr'>esse</span> <span class='ocrx_word' id='word_1_250' title='bbox 1764 2906 1955 2971; x_wconf 91' lang='lat' dir='ltr'>situri</span> <span class='ocrx_word' id='word_1_251' title='bbox 2000 2904 2285 2971; x_wconf 81' lang='lat' dir='ltr'>fuissent</span> <span class='ocrx_word' id='word_1_252' title='bbox 2299 2909 2329 2971; x_wconf 67' lang='lat' dir='ltr'>i&gt;</span> <span class='ocrx_word' id='word_1_253' title='bbox 2351 2904 2374 2943; x_wconf 83' lang='lat'><strong>²</strong></span> 
     </span>
    </p>
   </div>
   <div class='ocr_carea' id='block_1_3' title="bbox 1174 3082 2050 3250">
    <p class='ocr_par' dir='ltr' id='par_1_4' title="bbox 1174 3082 2050 3250">
     <span class='ocr_line' id='line_1_28' title="bbox 1174 3082 2050 3250; baseline 0 -16"><span class='ocrx_word' id='word_1_254' title='bbox 1174 3146 1497 3234; x_wconf 76' lang='lat' dir='ltr'>CAPUT</span> <span class='ocrx_word' id='word_1_255' title='bbox 1553 3082 2050 3250; x_wconf 69' lang='grc' dir='ltr'>(111111Τύ11.</span> 
     </span>
    </p>
   </div>
   <div class='ocr_carea' id='block_1_4' title="bbox 535 3333 2652 3433">
    <p class='ocr_par' dir='ltr' id='par_1_5' title="bbox 535 3333 2652 3433">
     <span class='ocr_line' id='line_1_29' title="bbox 535 3333 2652 3433; baseline -0 -26"><span class='ocrx_word' id='word_1_256' title='bbox 535 3333 1033 3408; x_wconf 84' lang='lat' dir='ltr'>Character</span> <span class='ocrx_word' id='word_1_257' title='bbox 1080 3335 1347 3433; x_wconf 87' lang='lat' dir='ltr'>hujus</span> <span class='ocrx_word' id='word_1_258' title='bbox 1403 3336 1982 3410; x_wconf 84' lang='lat' dir='ltr'>collectionis</span> <span class='ocrx_word' id='word_1_259' title='bbox 2040 3335 2652 3411; x_wconf 83' lang='lat' dir='ltr'>decretalium.</span> 
     </span>
    </p>
   </div>
   <div class='ocr_carea' id='block_1_5' title="bbox 1101 3527 2103 3616">
    <p class='ocr_par' dir='ltr' id='par_1_6' title="bbox 1101 3527 2103 3616">
     <span class='ocr_line' id='line_1_30' title="bbox 1101 3527 2103 3616; baseline 0 -19"><span class='ocrx_word' id='word_1_260' title='bbox 1101 3527 1140 3616; x_wconf 63' lang='grc' dir='ltr'>ἓ</span> <span class='ocrx_word' id='word_1_261' title='bbox 1189 3528 1285 3597; x_wconf 86' lang='grc'>78.</span> <span class='ocrx_word' id='word_1_262' title='bbox 1380 3529 1848 3598; x_wconf 77' lang='lat' dir='ltr'>Consideratae</span> <span class='ocrx_word' id='word_1_263' title='bbox 1894 3530 1963 3596; x_wconf 92' lang='lat' dir='ltr'>in</span> <span class='ocrx_word' id='word_1_264' title='bbox 2012 3550 2103 3597; x_wconf 91' lang='lat' dir='ltr'>se.</span> 
     </span>
    </p>
   </div>
   <div class='ocr_carea' id='block_1_6' title="bbox 261 3694 2933 3978">
    <p class='ocr_par' dir='ltr' id='par_1_7' title="bbox 261 3694 2933 3978">
     <span class='ocr_line' id='line_1_31' title="bbox 456 3694 2929 3783; baseline 0 -23"><span class='ocrx_word' id='word_1_265' title='bbox 456 3694 640 3771; x_wconf 86' lang='lat' dir='ltr'>Quod</span> <span class='ocrx_word' id='word_1_266' title='bbox 687 3696 930 3762; x_wconf 90' lang='lat' dir='ltr'>attinet</span> <span class='ocrx_word' id='word_1_267' title='bbox 976 3697 1426 3766; x_wconf 90' lang='lat' dir='ltr'>characterem</span> <span class='ocrx_word' id='word_1_268' title='bbox 1472 3699 1664 3783; x_wconf 82' lang='lat' dir='ltr'>huJ‘us</span> <span class='ocrx_word' id='word_1_269' title='bbox 1725 3697 2126 3764; x_wconf 90' lang='lat' dir='ltr'>collectionis</span> <span class='ocrx_word' id='word_1_270' title='bbox 2148 3747 2162 3775; x_wconf 94' lang='lat'>‚</span> <span class='ocrx_word' id='word_1_271' title='bbox 2227 3696 2679 3763; x_wconf 90' lang='lat' dir='ltr'>consideratae</span> <span class='ocrx_word' id='word_1_272' title='bbox 2725 3695 2793 3761; x_wconf 89' lang='lat' dir='ltr'>in</span> <span class='ocrx_word' id='word_1_273' title='bbox 2838 3716 2929 3774; x_wconf 92' lang='lat' dir='ltr'>se,</span> 
     </span>
     <span class='ocr_line' id='line_1_32' title="bbox 261 3793 2933 3881; baseline 0 -22"><span class='ocrx_word' id='word_1_274' title='bbox 261 3793 482 3859; x_wconf 89' lang='lat' dir='ltr'>habet</span> <span class='ocrx_word' id='word_1_275' title='bbox 539 3814 618 3859; x_wconf 95' lang='lat' dir='ltr'>ea</span> <span class='ocrx_word' id='word_1_276' title='bbox 677 3794 1045 3876; x_wconf 89' lang='lat' dir='ltr'>generatim</span> <span class='ocrx_word' id='word_1_277' title='bbox 1106 3795 1241 3859; x_wconf 88' lang='lat' dir='ltr'>vim</span> <span class='ocrx_word' id='word_1_278' title='bbox 1304 3796 1706 3862; x_wconf 91' lang='lat' dir='ltr'>collectionis</span> <span class='ocrx_word' id='word_1_279' title='bbox 1759 3796 1925 3880; x_wconf 88' lang='lat' dir='ltr'>juris</span> <span class='ocrx_word' id='word_1_280' title='bbox 1987 3794 2412 3861; x_wconf 89' lang='lat' dir='ltr'>ecclesiastici</span> <span class='ocrx_word' id='word_1_281' title='bbox 2461 3796 2757 3881; x_wconf 73' lang='lat' dir='ltr'>publicae</span> <span class='ocrx_word' id='word_1_282' title='bbox 2816 3815 2933 3859; x_wconf 93' lang='lat' dir='ltr'>seu</span> 
     </span>
     <span class='ocr_line' id='line_1_33' title="bbox 262 3893 2931 3978; baseline 0 -20"><span class='ocrx_word' id='word_1_283' title='bbox 262 3893 498 3977; x_wconf 71' lang='lat' dir='ltr'>Zeqalis</span> <span class='ocrx_word' id='word_1_284' title='bbox 542 3911 659 3956; x_wconf 92' lang='lat' dir='ltr'>seu</span> <span class='ocrx_word' id='word_1_285' title='bbox 707 3894 1102 3958; x_wconf 76' lang='lat' dir='ltr'>authenticae</span> <span class='ocrx_word' id='word_1_286' title='bbox 1147 3914 1263 3958; x_wconf 92' lang='lat' dir='ltr'>seu</span> <span class='ocrx_word' id='word_1_287' title='bbox 1305 3894 1729 3960; x_wconf 91' lang='lat' dir='ltr'>ecclesiastici</span> <span class='ocrx_word' id='word_1_288' title='bbox 1778 3893 2017 3959; x_wconf 92' lang='lat' dir='ltr'>codicis</span> <span class='ocrx_word' id='word_1_289' title='bbox 2035 3943 2049 3972; x_wconf 92' lang='lat'>,</span> <span class='ocrx_word' id='word_1_290' title='bbox 2091 3897 2177 3978; x_wconf 50' lang='lat' dir='ltr'>‚et</span> <span class='ocrx_word' id='word_1_291' title='bbox 2224 3893 2483 3975; x_wconf 91' lang='lat' dir='ltr'>quidem</span> <span class='ocrx_word' id='word_1_292' title='bbox 2529 3896 2931 3976; x_wconf 69' lang='lat' dir='ltr'>universali-3,</span> 
     </span>
    </p>
   </div>
   <div class='ocr_carea' id='block_1_7' title="bbox 253 4040 2933 4818">
    <p class='ocr_par' dir='ltr' id='par_1_8' title="bbox 461 4040 1140 4096">
     <span class='ocr_line' id='line_1_34' title="bbox 461 4040 1140 4096; baseline 0 -2"><span class='ocrx_word' id='word_1_293' title='bbox 461 4042 480 4074; x_wconf 91' lang='lat'><strong>¹</strong></span> <span class='ocrx_word' id='word_1_294' title='bbox 517 4040 657 4095; x_wconf 90' lang='lat' dir='ltr'>Vide</span> <span class='ocrx_word' id='word_1_295' title='bbox 693 4040 837 4096; x_wconf 90' lang='lat' dir='ltr'>infra</span> <span class='ocrx_word' id='word_1_296' title='bbox 874 4044 1007 4095; x_wconf 90' lang='lat' dir='ltr'>sect.</span> <span class='ocrx_word' id='word_1_297' title='bbox 1046 4041 1140 4095; x_wconf 91' lang='lat' dir='ltr'>III.</span> 
     </span>
    </p>

    <p class='ocr_par' dir='ltr' id='par_1_9' title="bbox 253 4120 2933 4818">
     <span class='ocr_line' id='line_1_35' title="bbox 457 4120 2930 4190; baseline 0.002 -17"><span class='ocrx_word' id='word_1_298' title='bbox 457 4121 480 4155; x_wconf 80' lang='lat'>²</span> <span class='ocrx_word' id='word_1_299' title='bbox 518 4121 759 4190; x_wconf 77' lang='lat' dir='ltr'>Schulte,</span> <span class='ocrx_word' id='word_1_300' title='bbox 810 4121 911 4175; x_wconf 92' lang='lat' dir='ltr'>Die</span> <span class='ocrx_word' id='word_1_301' title='bbox 947 4120 1273 4175; x_wconf 88' lang='lat' dir='ltr'>Decretalen</span> <span class='ocrx_word' id='word_1_302' title='bbox 1308 4121 1578 4175; x_wconf 87' lang='lat' dir='ltr'>zwischen</span> <span class='ocrx_word' id='word_1_303' title='bbox 1620 4121 1965 4187; x_wconf 88' lang='lat' dir='ltr'>„Decretales</span> <span class='ocrx_word' id='word_1_304' title='bbox 2003 4122 2253 4190; x_wconf 83' lang='lat' dir='ltr'>Gregorii</span> <span class='ocrx_word' id='word_1_305' title='bbox 2289 4122 2413 4175; x_wconf 85' lang='lat' dir='ltr'>IX.“</span> <span class='ocrx_word' id='word_1_306' title='bbox 2457 4124 2568 4175; x_wconf 93' lang='lat' dir='ltr'>und</span> <span class='ocrx_word' id='word_1_307' title='bbox 2611 4123 2799 4188; x_wconf 85' lang='lat' dir='ltr'>„Liber</span> <span class='ocrx_word' id='word_1_308' title='bbox 2837 4123 2930 4177; x_wconf 92' lang='lat' dir='ltr'>VI.</span> 
     </span>
     <span class='ocr_line' id='line_1_36' title="bbox 257 4200 2931 4272; baseline 0 -16"><span class='ocrx_word' id='word_1_309' title='bbox 257 4200 545 4256; x_wconf 86' lang='lat' dir='ltr'>Bonifacii</span> <span class='ocrx_word' id='word_1_310' title='bbox 580 4200 781 4266; x_wconf 85' lang='lat' dir='ltr'>VIII.“,</span> <span class='ocrx_word' id='word_1_311' title='bbox 832 4201 889 4254; x_wconf 90' lang='lat' dir='ltr'>in</span> <span class='ocrx_word' id='word_1_312' title='bbox 926 4201 1042 4255; x_wconf 90' lang='lat' dir='ltr'>citt.</span> <span class='ocrx_word' id='word_1_313' title='bbox 1080 4201 1261 4255; x_wconf 90' lang='lat' dir='ltr'>relatt.</span> <span class='ocrx_word' id='word_1_314' title='bbox 1300 4219 1434 4255; x_wconf 75' lang='lat' dir='ltr'>sess,</span> <span class='ocrx_word' id='word_1_315' title='bbox 1473 4204 1602 4256; x_wconf 91' lang='lat' dir='ltr'>tom.</span> <span class='ocrx_word' id='word_1_316' title='bbox 1640 4202 1752 4256; x_wconf 87' lang='lat' dir='ltr'>LV.</span> <span class='ocrx_word' id='word_1_317' title='bbox 1791 4221 1843 4272; x_wconf 91' lang='lat' dir='ltr'>p.</span> <span class='ocrx_word' id='word_1_318' title='bbox 1884 4203 2034 4267; x_wconf 62' lang='lat'>723„</span> <span class='ocrx_word' id='word_1_319' title='bbox 2086 4206 2280 4272; x_wconf 86' lang='lat' dir='ltr'>atque:</span> <span class='ocrx_word' id='word_1_320' title='bbox 2332 4201 2434 4255; x_wconf 89' lang='lat' dir='ltr'>Die</span> <span class='ocrx_word' id='word_1_321' title='bbox 2472 4202 2802 4256; x_wconf 88' lang='lat' dir='ltr'>Geschichte&#39;</span> <span class='ocrx_word' id='word_1_322' title='bbox 2837 4204 2931 4256; x_wconf 90' lang='lat' dir='ltr'>der</span> 
     </span>
     <span class='ocr_line' id='line_1_37' title="bbox 259 4279 2931 4351; baseline 0 -16"><span class='ocrx_word' id='word_1_323' title='bbox 259 4279 536 4348; x_wconf 86' lang='lat' dir='ltr'>Quellen,</span> <span class='ocrx_word' id='word_1_324' title='bbox 587 4283 715 4335; x_wconf 88' lang='lat' dir='ltr'>tom.</span> <span class='ocrx_word' id='word_1_325' title='bbox 754 4281 823 4335; x_wconf 91' lang='lat' dir='ltr'>H.</span> <span class='ocrx_word' id='word_1_326' title='bbox 861 4299 912 4351; x_wconf 95' lang='lat' dir='ltr'>p.</span> <span class='ocrx_word' id='word_1_327' title='bbox 953 4281 1056 4345; x_wconf 74' lang='lat'>29„</span> <span class='ocrx_word' id='word_1_328' title='bbox 1095 4280 1320 4345; x_wconf 90' lang='lat' dir='ltr'>asserit,</span> <span class='ocrx_word' id='word_1_329' title='bbox 1367 4280 1575 4351; x_wconf 87' lang='lat' dir='ltr'>Papam</span> <span class='ocrx_word' id='word_1_330' title='bbox 1618 4284 1941 4349; x_wconf 77' lang='lat' dir='ltr'>G&#39;reqorium</span> <span class='ocrx_word' id='word_1_331' title='bbox 1977 4284 2077 4336; x_wconf 90' lang='lat' dir='ltr'>IX.</span> <span class='ocrx_word' id='word_1_332' title='bbox 2116 4282 2212 4335; x_wconf 90' lang='lat' dir='ltr'>illa</span> <span class='ocrx_word' id='word_1_333' title='bbox 2250 4281 2494 4335; x_wconf 89' lang='lat' dir='ltr'>clausula</span> <span class='ocrx_word' id='word_1_334' title='bbox 2546 4282 2790 4335; x_wconf 90' lang='lat' dir='ltr'>absolute</span> <span class='ocrx_word' id='word_1_335' title='bbox 2842 4283 2931 4336; x_wconf 88' lang='lat' dir='ltr'>ad-</span> 
     </span>
     <span class='ocr_line' id='line_1_38' title="bbox 255 4360 2933 4431; baseline -0 -14"><span class='ocrx_word' id='word_1_336' title='bbox 255 4360 611 4417; x_wconf 85' lang='lat' dir='ltr'>ornationem</span> <span class='ocrx_word' id='word_1_337' title='bbox 648 4377 914 4414; x_wconf 85' lang='lat' dir='ltr'>novarum</span> <span class='ocrx_word' id='word_1_338' title='bbox 950 4360 1326 4415; x_wconf 89' lang='lat' dir='ltr'>collectionum</span> <span class='ocrx_word' id='word_1_339' title='bbox 1358 4360 1497 4431; x_wconf 87' lang='lat' dir='ltr'>juris</span> <span class='ocrx_word' id='word_1_340' title='bbox 1534 4361 1892 4416; x_wconf 88' lang='lat' dir='ltr'>ecclesiastici</span> <span class='ocrx_word' id='word_1_341' title='bbox 1928 4362 2134 4431; x_wconf 88' lang='lat' dir='ltr'>absque</span> <span class='ocrx_word' id='word_1_342' title='bbox 2164 4362 2385 4417; x_wconf 91' lang='lat' dir='ltr'>licentia</span> <span class='ocrx_word' id='word_1_343' title='bbox 2410 4361 2564 4416; x_wconf 87' lang='lat' dir='ltr'>Sedis</span> <span class='ocrx_word' id='word_1_344' title='bbox 2588 4361 2933 4431; x_wconf 90' lang='lat' dir='ltr'>Apostolicae</span> 
     </span>
     <span class='ocr_line' id='line_1_39' title="bbox 257 4439 2931 4512; baseline 0 -16"><span class='ocrx_word' id='word_1_345' title='bbox 257 4439 502 4512; x_wconf 84' lang='lat' dir='ltr'>speciali</span> <span class='ocrx_word' id='word_1_346' title='bbox 540 4469 606 4478; x_wconf 94' lang='lat'><strong>—</strong></span> <span class='ocrx_word' id='word_1_347' title='bbox 645 4439 1010 4495; x_wconf 89' lang='lat' dir='ltr'>interdixisse.</span> <span class='ocrx_word' id='word_1_348' title='bbox 1075 4441 1174 4495; x_wconf 88' lang='lat' dir='ltr'>Cui</span> <span class='ocrx_word' id='word_1_349' title='bbox 1211 4440 1448 4511; x_wconf 89' lang='lat' dir='ltr'>opinioni</span> <span class='ocrx_word' id='word_1_350' title='bbox 1482 4441 1717 4506; x_wconf 83' lang='lat' dir='ltr'>innixus,</span> <span class='ocrx_word' id='word_1_351' title='bbox 1755 4441 1891 4495; x_wconf 90' lang='lat' dir='ltr'>illud</span> <span class='ocrx_word' id='word_1_352' title='bbox 1923 4442 2157 4507; x_wconf 88' lang='lat' dir='ltr'>factum,</span> <span class='ocrx_word' id='word_1_353' title='bbox 2197 4444 2338 4511; x_wconf 92' lang='lat' dir='ltr'>quod</span> <span class='ocrx_word' id='word_1_354' title='bbox 2374 4445 2559 4496; x_wconf 89' lang='lat' dir='ltr'>tamen</span> <span class='ocrx_word' id='word_1_355' title='bbox 2597 4442 2786 4496; x_wconf 91' lang='lat' dir='ltr'>deinde</span> <span class='ocrx_word' id='word_1_356' title='bbox 2825 4444 2931 4497; x_wconf 90' lang='lat' dir='ltr'>col-</span> 
     </span>
     <span class='ocr_line' id='line_1_40' title="bbox 253 4519 2931 4593; baseline 0 -17"><span class='ocrx_word' id='word_1_357' title='bbox 253 4519 537 4577; x_wconf 82' lang='lat' dir='ltr'>lectiones</span> <span class='ocrx_word' id='word_1_358' title='bbox 586 4520 895 4591; x_wconf 85' lang='lat' dir='ltr'>huJ‘usmodi</span> <span class='ocrx_word' id='word_1_359' title='bbox 932 4522 1139 4591; x_wconf 86' lang='lat' dir='ltr'>absque</span> <span class='ocrx_word' id='word_1_360' title='bbox 1190 4521 1334 4575; x_wconf 87' lang='lat' dir='ltr'>dicta</span> <span class='ocrx_word' id='word_1_361' title='bbox 1383 4520 1605 4576; x_wconf 90' lang='lat' dir='ltr'>licentia</span> <span class='ocrx_word' id='word_1_362' title='bbox 1641 4520 1798 4575; x_wconf 85' lang='lat' dir='ltr'>Sedis</span> <span class='ocrx_word' id='word_1_363' title='bbox 1834 4522 2180 4592; x_wconf 91' lang='lat' dir='ltr'>Apostolicae</span> <span class='ocrx_word' id='word_1_364' title='bbox 2230 4523 2522 4577; x_wconf 87' lang='lat' dir='ltr'>adornatae</span> <span class='ocrx_word' id='word_1_365' title='bbox 2559 4526 2715 4587; x_wconf 91' lang='lat' dir='ltr'>sunt,</span> <span class='ocrx_word' id='word_1_366' title='bbox 2763 4523 2931 4593; x_wconf 89' lang='lat' dir='ltr'>expli-</span> 
     </span>
     <span class='ocr_line' id='line_1_41' title="bbox 258 4600 2931 4672; baseline 0 -14"><span class='ocrx_word' id='word_1_367' title='bbox 258 4619 404 4658; x_wconf 83' lang='lat' dir='ltr'>care</span> <span class='ocrx_word' id='word_1_368' title='bbox 441 4600 650 4668; x_wconf 85' lang='lat' dir='ltr'>satagit</span> <span class='ocrx_word' id='word_1_369' title='bbox 685 4601 939 4667; x_wconf 89' lang='lat' dir='ltr'>dicendo,</span> <span class='ocrx_word' id='word_1_370' title='bbox 992 4601 1094 4656; x_wconf 88' lang='lat' dir='ltr'>hoc</span> <span class='ocrx_word' id='word_1_371' title='bbox 1144 4600 1493 4655; x_wconf 87' lang='lat' dir='ltr'>interdictum</span> <span class='ocrx_word' id='word_1_372' title='bbox 1528 4600 1863 4670; x_wconf 89' lang='lat' dir='ltr'>pontificium</span> <span class='ocrx_word' id='word_1_373' title='bbox 1900 4619 2020 4656; x_wconf 89' lang='lat' dir='ltr'>esse</span> <span class='ocrx_word' id='word_1_374' title='bbox 2058 4620 2088 4655; x_wconf 90' lang='lat' dir='ltr'>e</span> <span class='ocrx_word' id='word_1_375' title='bbox 2125 4620 2345 4656; x_wconf 90' lang='lat' dir='ltr'>numero</span> <span class='ocrx_word' id='word_1_376' title='bbox 2398 4620 2611 4668; x_wconf 88' lang='lat' dir='ltr'>eorum,</span> <span class='ocrx_word' id='word_1_377' title='bbox 2664 4621 2803 4672; x_wconf 87' lang='lat' dir='ltr'>quae</span> <span class='ocrx_word' id='word_1_378' title='bbox 2841 4622 2931 4658; x_wconf 88' lang='lat' dir='ltr'>ex-</span> 
     </span>
     <span class='ocr_line' id='line_1_42' title="bbox 254 4680 2932 4773; baseline 0.001 -37"><span class='ocrx_word' id='word_1_379' title='bbox 254 4680 543 4773; x_wconf 73' lang='lat' dir='ltr'>perientia</span> <span class='ocrx_word' id='word_1_380' title='bbox 579 4684 722 4736; x_wconf 88' lang='lat' dir='ltr'>teste</span> <span class='ocrx_word' id='word_1_381' title='bbox 757 4698 865 4736; x_wconf 92' lang='lat' dir='ltr'>non</span> <span class='ocrx_word' id='word_1_382' title='bbox 901 4682 1273 4745; x_wconf 87' lang='lat' dir='ltr'>observentur,</span> <span class='ocrx_word' id='word_1_383' title='bbox 1313 4680 1441 4750; x_wconf 89' lang='lat' dir='ltr'>quia</span> <span class='ocrx_word' id='word_1_384' title='bbox 1465 4680 1625 4751; x_wconf 89' lang='lat' dir='ltr'>plena</span> <span class='ocrx_word' id='word_1_385' title='bbox 1651 4699 1838 4736; x_wconf 91' lang='lat' dir='ltr'>eorum</span> <span class='ocrx_word' id='word_1_386' title='bbox 1861 4682 2168 4736; x_wconf 88' lang='lat' dir='ltr'>observatio</span> <span class='ocrx_word' id='word_1_387' title='bbox 2193 4682 2543 4752; x_wconf 90' lang='lat' dir='ltr'>impossibilis</span> <span class='ocrx_word' id='word_1_388' title='bbox 2575 4686 2740 4752; x_wconf 90' lang='lat' dir='ltr'>atque</span> <span class='ocrx_word' id='word_1_389' title='bbox 2767 4684 2932 4738; x_wconf 90' lang='lat' dir='ltr'>etiam</span> 
     </span>
     <span class='ocr_line' id='line_1_43' title="bbox 257 4760 1573 4818; baseline -0.002 -1"><span class='ocrx_word' id='word_1_390' title='bbox 257 4762 379 4818; x_wconf 81' lang='lat' dir='ltr'>vix</span> <span class='ocrx_word' id='word_1_391' title='bbox 415 4779 449 4815; x_wconf 87' lang='lat' dir='ltr'>a</span> <span class='ocrx_word' id='word_1_392' title='bbox 487 4761 707 4816; x_wconf 83' lang='lat' dir='ltr'>Summo</span> <span class='ocrx_word' id='word_1_393' title='bbox 745 4762 1007 4816; x_wconf 91' lang='lat' dir='ltr'>Pontifice</span> <span class='ocrx_word' id='word_1_394' title='bbox 1043 4762 1254 4816; x_wconf 88' lang='lat' dir='ltr'>intenta</span> <span class='ocrx_word' id='word_1_395' title='bbox 1291 4760 1381 4816; x_wconf 88' lang='lat' dir='ltr'>sit.</span> <span class='ocrx_word' id='word_1_396' title='bbox 1456 4760 1573 4815; x_wconf 81' lang='lat' dir='ltr'>Sic!</span> 
     </span>
    </p>
   </div>
  </div>
 </body>
</html>
