<?xml version="1.0" encoding="UTF-8"?>
<!DOCTYPE html PUBLIC "-//W3C//DTD XHTML 1.0 Transitional//EN"
    "http://www.w3.org/TR/xhtml1/DTD/xhtml1-transitional.dtd">
<html xmlns="http://www.w3.org/1999/xhtml" xml:lang="en" lang="en">
 <head>
  <title>
</title>
<meta http-equiv="Content-Type" content="text/html;charset=utf-8" />
  <meta name='ocr-system' content='tesseract 3.04.00' />
  <meta name='ocr-capabilities' content='ocr_page ocr_carea ocr_par ocr_line ocrx_word'/>
</head>
<body>
  <div class='ocr_page' id='page_1' title='image "./introductioinco00laurgoog_0086.png"; bbox 0 0 3355 5328; ppageno 0'>
   <div class='ocr_carea' id='block_1_1' title="bbox 381 300 2133 358">
    <p class='ocr_par' dir='ltr' id='par_1_1' title="bbox 381 300 2133 358">
     <span class='ocr_line' id='line_1_1' title="bbox 381 300 2133 358; baseline -0.005 3"><span class='ocrx_word' id='word_1_1' title='bbox 381 301 453 354; x_wconf 75' lang='grc'>62</span> <span class='ocrx_word' id='word_1_2' title='bbox 1273 304 1410 357; x_wconf 84' lang='lat' dir='ltr'>Pars</span> <span class='ocrx_word' id='word_1_3' title='bbox 1449 304 1487 357; x_wconf 95' lang='grc' dir='ltr'>Ι.</span> <span class='ocrx_word' id='word_1_4' title='bbox 1538 302 1831 358; x_wconf 77' lang='lat' dir='ltr'>Decretum</span> <span class='ocrx_word' id='word_1_5' title='bbox 1870 300 2133 356; x_wconf 82' lang='lat' dir='ltr'>Gratiani.</span> 
     </span>
    </p>
   </div>
   <div class='ocr_carea' id='block_1_2' title="bbox 376 461 3046 1626">
    <p class='ocr_par' dir='ltr' id='par_1_2' title="bbox 376 461 3046 1626">
     <span class='ocr_line' id='line_1_2' title="bbox 382 461 3044 546; baseline 0.001 -19"><span class='ocrx_word' id='word_1_6' title='bbox 382 463 596 542; x_wconf 90' lang='lat' dir='ltr'>bilem,</span> <span class='ocrx_word' id='word_1_7' title='bbox 645 464 712 528; x_wconf 91' lang='lat' dir='ltr'>in</span> <span class='ocrx_word' id='word_1_8' title='bbox 743 464 1009 529; x_wconf 91' lang='lat' dir='ltr'>Decreti</span> <span class='ocrx_word' id='word_1_9' title='bbox 1039 468 1232 530; x_wconf 87' lang='lat' dir='ltr'>textu</span> <span class='ocrx_word' id='word_1_10' title='bbox 1264 466 1669 530; x_wconf 90' lang='lat' dir='ltr'>emendando</span> <span class='ocrx_word' id='word_1_11' title='bbox 1704 467 1927 528; x_wconf 92' lang='lat' dir='ltr'>autem</span> <span class='ocrx_word' id='word_1_12' title='bbox 1959 461 2221 527; x_wconf 89' lang='lat' dir='ltr'>omnino</span> <span class='ocrx_word' id='word_1_13' title='bbox 2251 482 2529 545; x_wconf 91' lang='lat' dir='ltr'>pravam</span> <span class='ocrx_word' id='word_1_14' title='bbox 2560 466 2629 528; x_wconf 92' lang='lat' dir='ltr'>et</span> <span class='ocrx_word' id='word_1_15' title='bbox 2659 484 3044 546; x_wconf 81' lang='lat' dir='ltr'>perversam</span> 
     </span>
     <span class='ocr_line' id='line_1_3' title="bbox 381 559 3044 646; baseline 0.001 -21"><span class='ocrx_word' id='word_1_16' title='bbox 381 582 650 645; x_wconf 84' lang='lat' dir='ltr'>operam</span> <span class='ocrx_word' id='word_1_17' title='bbox 676 562 1041 640; x_wconf 89' lang='lat' dir='ltr'>collocavit,</span> <span class='ocrx_word' id='word_1_18' title='bbox 1071 562 1308 646; x_wconf 90' lang='lat' dir='ltr'>quippe</span> <span class='ocrx_word' id='word_1_19' title='bbox 1334 563 1536 643; x_wconf 90' lang='lat' dir='ltr'>quiin</span> <span class='ocrx_word' id='word_1_20' title='bbox 1560 562 1697 628; x_wconf 87' lang='lat' dir='ltr'>suis</span> <span class='ocrx_word' id='word_1_21' title='bbox 1722 559 2272 637; x_wconf 74' lang='lat' dir='ltr'><strong>adnotationibus,</strong></span> <span class='ocrx_word' id='word_1_22' title='bbox 2307 560 2525 625; x_wconf 81' lang='lat' dir='ltr'>textui</span> <span class='ocrx_word' id='word_1_23' title='bbox 2547 560 2812 627; x_wconf 86' lang='lat' dir='ltr'>Decreti</span> <span class='ocrx_word' id='word_1_24' title='bbox 2837 583 3044 646; x_wconf 90' lang='lat' dir='ltr'>appo-</span> 
     </span>
     <span class='ocr_line' id='line_1_4' title="bbox 380 657 3045 745; baseline 0.001 -22"><span class='ocrx_word' id='word_1_25' title='bbox 380 658 545 736; x_wconf 77' lang='lat' dir='ltr'>sitis,</span> <span class='ocrx_word' id='word_1_26' title='bbox 581 680 748 741; x_wconf 92' lang='lat' dir='ltr'>quae</span> <span class='ocrx_word' id='word_1_27' title='bbox 779 660 979 742; x_wconf 85' lang='lat' dir='ltr'>vulgo</span> <span class='ocrx_word' id='word_1_28' title='bbox 1012 662 1361 745; x_wconf 76' lang='lat' dir='ltr'>Apostillae</span> <span class='ocrx_word' id='word_1_29' title='bbox 1393 660 1717 737; x_wconf 84' lang='lat' dir='ltr'>dicuntur,</span> <span class='ocrx_word' id='word_1_30' title='bbox 1750 664 1893 725; x_wconf 91' lang='lat' dir='ltr'>tum</span> <span class='ocrx_word' id='word_1_31' title='bbox 1924 657 1992 723; x_wconf 93' lang='lat' dir='ltr'>in</span> <span class='ocrx_word' id='word_1_32' title='bbox 2026 657 2257 723; x_wconf 87' lang='lat' dir='ltr'>Sedem</span> <span class='ocrx_word' id='word_1_33' title='bbox 2289 658 2758 741; x_wconf 88' lang='lat' dir='ltr'>Apostolicam,</span> <span class='ocrx_word' id='word_1_34' title='bbox 2800 664 2945 726; x_wconf 91' lang='lat' dir='ltr'>tum</span> <span class='ocrx_word' id='word_1_35' title='bbox 2975 660 3045 725; x_wconf 90' lang='lat' dir='ltr'>in</span> 
     </span>
     <span class='ocr_line' id='line_1_5' title="bbox 382 755 3044 843; baseline 0.001 -22"><span class='ocrx_word' id='word_1_36' title='bbox 382 756 492 823; x_wconf 82' lang='lat' dir='ltr'>SS.</span> <span class='ocrx_word' id='word_1_37' title='bbox 527 758 763 823; x_wconf 89' lang='lat' dir='ltr'>Patres</span> <span class='ocrx_word' id='word_1_38' title='bbox 809 758 1252 823; x_wconf 77' lang='lat' dir='ltr'>irreverenter</span> <span class='ocrx_word' id='word_1_39' title='bbox 1285 762 1353 824; x_wconf 94' lang='lat' dir='ltr'>et</span> <span class='ocrx_word' id='word_1_40' title='bbox 1384 759 1697 843; x_wconf 87' lang='lat' dir='ltr'>injuriose</span> <span class='ocrx_word' id='word_1_41' title='bbox 1729 759 2029 823; x_wconf 89' lang='lat' dir='ltr'>invectus</span> <span class='ocrx_word' id='word_1_42' title='bbox 2060 755 2168 833; x_wconf 87' lang='lat' dir='ltr'>sit,</span> <span class='ocrx_word' id='word_1_43' title='bbox 2218 756 2371 821; x_wconf 89' lang='lat' dir='ltr'>dum</span> <span class='ocrx_word' id='word_1_44' title='bbox 2407 757 2785 839; x_wconf 76' lang='lat' dir='ltr'>petulanter</span> <span class='ocrx_word' id='word_1_45' title='bbox 2815 758 3044 823; x_wconf 91' lang='lat' dir='ltr'>decre-</span> 
     </span>
     <span class='ocr_line' id='line_1_6' title="bbox 380 853 3044 938; baseline 0.001 -20"><span class='ocrx_word' id='word_1_46' title='bbox 380 855 549 919; x_wconf 85' lang='lat' dir='ltr'>tales</span> <span class='ocrx_word' id='word_1_47' title='bbox 581 855 1269 922; x_wconf 86' lang='lat' dir='ltr'>Pseudo-Isidorianas</span> <span class='ocrx_word' id='word_1_48' title='bbox 1312 878 1387 934; x_wconf 88' lang='lat' dir='ltr'>„a</span> <span class='ocrx_word' id='word_1_49' title='bbox 1417 856 1754 922; x_wconf 90' lang='lat' dir='ltr'>monachis</span> <span class='ocrx_word' id='word_1_50' title='bbox 1800 856 1908 920; x_wconf 93' lang='lat' dir='ltr'>vel</span> <span class='ocrx_word' id='word_1_51' title='bbox 1940 853 2128 938; x_wconf 90' lang='lat' dir='ltr'>papis</span> <span class='ocrx_word' id='word_1_52' title='bbox 2161 855 2508 919; x_wconf 86' lang='lat' dir='ltr'>confictas“</span> <span class='ocrx_word' id='word_1_53' title='bbox 2566 876 2711 920; x_wconf 89' lang='lat' dir='ltr'>esse</span> <span class='ocrx_word' id='word_1_54' title='bbox 2758 857 3044 922; x_wconf 84' lang='lat' dir='ltr'>asseruit</span> 
     </span>
     <span class='ocr_line' id='line_1_7' title="bbox 380 951 3040 1038; baseline 0 -20"><span class='ocrx_word' id='word_1_55' title='bbox 380 957 449 1018; x_wconf 93' lang='lat' dir='ltr'>et</span> <span class='ocrx_word' id='word_1_56' title='bbox 473 955 538 1019; x_wconf 87' lang='lat' dir='ltr'>S.</span> <span class='ocrx_word' id='word_1_57' title='bbox 566 956 996 1038; x_wconf 73' lang='lat' dir='ltr'>Auqustinum</span> <span class='ocrx_word' id='word_1_58' title='bbox 1029 954 1323 1037; x_wconf 90' lang='lat' dir='ltr'>aliosque</span> <span class='ocrx_word' id='word_1_59' title='bbox 1348 955 1458 1021; x_wconf 83' lang='lat' dir='ltr'>SS.</span> <span class='ocrx_word' id='word_1_60' title='bbox 1485 955 1722 1020; x_wconf 84' lang='lat' dir='ltr'>Patres</span> <span class='ocrx_word' id='word_1_61' title='bbox 1744 954 1919 1019; x_wconf 90' lang='lat' dir='ltr'>haud</span> <span class='ocrx_word' id='word_1_62' title='bbox 1951 973 2102 1018; x_wconf 89' lang='lat' dir='ltr'>raro</span> <span class='ocrx_word' id='word_1_63' title='bbox 2128 951 2280 1017; x_wconf 86' lang='lat' dir='ltr'>falsi</span> <span class='ocrx_word' id='word_1_64' title='bbox 2310 952 2611 1018; x_wconf 77' lang='lat' dir='ltr'>incusare</span> <span class='ocrx_word' id='word_1_65' title='bbox 2643 974 2841 1020; x_wconf 86' lang='lat' dir='ltr'>ausus</span> <span class='ocrx_word' id='word_1_66' title='bbox 2874 958 2979 1021; x_wconf 91' lang='lat' dir='ltr'>est</span> <span class='ocrx_word' id='word_1_67' title='bbox 2998 953 3040 1019; x_wconf 90' lang='lat'>¹.</span> 
     </span>
     <span class='ocr_line' id='line_1_8' title="bbox 378 1050 3045 1135; baseline 0.001 -20"><span class='ocrx_word' id='word_1_68' title='bbox 378 1050 792 1135; x_wconf 83' lang='lat' dir='ltr'>Quapropter</span> <span class='ocrx_word' id='word_1_69' title='bbox 839 1054 978 1135; x_wconf 88' lang='lat' dir='ltr'>ejus</span> <span class='ocrx_word' id='word_1_70' title='bbox 1027 1053 1345 1118; x_wconf 88' lang='lat' dir='ltr'>editiones</span> <span class='ocrx_word' id='word_1_71' title='bbox 1390 1053 1677 1129; x_wconf 89' lang='lat' dir='ltr'>Decreti,</span> <span class='ocrx_word' id='word_1_72' title='bbox 1728 1073 1928 1134; x_wconf 93' lang='lat' dir='ltr'>quum</span> <span class='ocrx_word' id='word_1_73' title='bbox 1967 1052 2106 1134; x_wconf 81' lang='lat' dir='ltr'>J&#39;am</span> <span class='ocrx_word' id='word_1_74' title='bbox 2150 1050 2332 1134; x_wconf 91' lang='lat' dir='ltr'>prius</span> <span class='ocrx_word' id='word_1_75' title='bbox 2380 1073 2422 1115; x_wconf 89' lang='lat' dir='ltr'>a</span> <span class='ocrx_word' id='word_1_76' title='bbox 2476 1053 2713 1117; x_wconf 78' lang='lat' dir='ltr'>Thema</span> <span class='ocrx_word' id='word_1_77' title='bbox 2743 1054 3045 1118; x_wconf 68' lang='lat' dir='ltr'>Maurico</span> 
     </span>
     <span class='ocr_line' id='line_1_9' title="bbox 378 1148 3046 1235; baseline 0 -21"><span class='ocrx_word' id='word_1_78' title='bbox 378 1149 785 1235; x_wconf 77' lang='lat' dir='ltr'>(Mam-ique)</span> <span class='ocrx_word' id='word_1_79' title='bbox 835 1150 909 1215; x_wconf 91' lang='grc' dir='ltr'><strong>Ο.</strong></span> <span class='ocrx_word' id='word_1_80' title='bbox 948 1150 1009 1215; x_wconf 81' lang='lat' dir='ltr'>S.</span> <span class='ocrx_word' id='word_1_81' title='bbox 1044 1152 1146 1228; x_wconf 71' lang='lat' dir='ltr'>D„</span> <span class='ocrx_word' id='word_1_82' title='bbox 1197 1151 1373 1216; x_wconf 91' lang='lat' dir='ltr'>edito</span> <span class='ocrx_word' id='word_1_83' title='bbox 1411 1151 1661 1216; x_wconf 87' lang='lat' dir='ltr'>Romae</span> <span class='ocrx_word' id='word_1_84' title='bbox 1702 1153 1870 1214; x_wconf 83' lang='lat'>1572</span> <span class='ocrx_word' id='word_1_85' title='bbox 1917 1148 2103 1226; x_wconf 90' lang='lat' dir='ltr'>libr0‚</span> <span class='ocrx_word' id='word_1_86' title='bbox 2152 1149 2272 1213; x_wconf 90' lang='lat' dir='ltr'>sub</span> <span class='ocrx_word' id='word_1_87' title='bbox 2319 1148 2546 1214; x_wconf 88' lang='lat' dir='ltr'>titulo:</span> <span class='ocrx_word' id='word_1_88' title='bbox 2606 1149 2931 1227; x_wconf 88' lang='lat' dir='ltr'>„Censura</span> <span class='ocrx_word' id='word_1_89' title='bbox 2975 1150 3046 1215; x_wconf 91' lang='lat' dir='ltr'>in</span> 
     </span>
     <span class='ocr_line' id='line_1_10' title="bbox 377 1246 3045 1332; baseline 0.001 -22"><span class='ocrx_word' id='word_1_90' title='bbox 377 1247 635 1328; x_wconf 85' lang='lat' dir='ltr'>glossas</span> <span class='ocrx_word' id='word_1_91' title='bbox 683 1251 751 1313; x_wconf 92' lang='lat' dir='ltr'>et</span> <span class='ocrx_word' id='word_1_92' title='bbox 798 1247 1166 1313; x_wconf 86' lang='lat' dir='ltr'>additiones</span> <span class='ocrx_word' id='word_1_93' title='bbox 1204 1250 1331 1332; x_wconf 89' lang='lat' dir='ltr'>jur.</span> <span class='ocrx_word' id='word_1_94' title='bbox 1377 1269 1517 1314; x_wconf 91' lang='lat' dir='ltr'>can.</span> <span class='ocrx_word' id='word_1_95' title='bbox 1569 1248 1867 1313; x_wconf 91' lang='lat' dir='ltr'>omnibus</span> <span class='ocrx_word' id='word_1_96' title='bbox 1915 1246 2401 1329; x_wconf 81' lang='lat' dir='ltr'>exemplaribus</span> <span class='ocrx_word' id='word_1_97' title='bbox 2431 1247 2748 1313; x_wconf 89' lang='lat' dir='ltr'>hactenus</span> <span class='ocrx_word' id='word_1_98' title='bbox 2782 1248 3045 1314; x_wconf 81' lang='lat' dir='ltr'>excusis</span> 
     </span>
     <span class='ocr_line' id='line_1_11' title="bbox 376 1345 3040 1428; baseline 0.002 -20"><span class='ocrx_word' id='word_1_99' title='bbox 376 1345 924 1427; x_wconf 88' lang='lat' dir='ltr'>correspondens“</span> <span class='ocrx_word' id='word_1_100' title='bbox 941 1395 956 1422; x_wconf 92' lang='lat'>,</span> <span class='ocrx_word' id='word_1_101' title='bbox 982 1350 1252 1412; x_wconf 89' lang='lat' dir='ltr'>notatae</span> <span class='ocrx_word' id='word_1_102' title='bbox 1272 1346 1552 1412; x_wconf 86' lang='lat' dir='ltr'>fuissent</span> <span class='ocrx_word' id='word_1_103' title='bbox 1568 1345 1613 1422; x_wconf 84' lang='lat'>²,</span> <span class='ocrx_word' id='word_1_104' title='bbox 1641 1346 1917 1428; x_wconf 91' lang='lat' dir='ltr'>denique</span> <span class='ocrx_word' id='word_1_105' title='bbox 1940 1345 2252 1409; x_wconf 89' lang='lat' dir='ltr'>mandato</span> <span class='ocrx_word' id='word_1_106' title='bbox 2268 1345 2489 1427; x_wconf 86' lang='lat' dir='ltr'>Papae</span> <span class='ocrx_word' id='word_1_107' title='bbox 2509 1345 2839 1412; x_wconf 78' lang='lat' dir='ltr'>Clementis</span> <span class='ocrx_word' id='word_1_108' title='bbox 2856 1347 3040 1412; x_wconf 82' lang='lat' dir='ltr'>VIII.</span> 
     </span>
     <span class='ocr_line' id='line_1_12' title="bbox 378 1441 3045 1527; baseline 0.001 -21"><span class='ocrx_word' id='word_1_109' title='bbox 378 1441 881 1525; x_wconf 61' lang='lat'>(1592—21605)</span> <span class='ocrx_word' id='word_1_110' title='bbox 927 1444 995 1508; x_wconf 92' lang='lat' dir='ltr'>in</span> <span class='ocrx_word' id='word_1_111' title='bbox 1042 1445 1326 1510; x_wconf 82' lang='lat' dir='ltr'>Iudicem</span> <span class='ocrx_word' id='word_1_112' title='bbox 1373 1445 1687 1510; x_wconf 89' lang='lat' dir='ltr'>librorum</span> <span class='ocrx_word' id='word_1_113' title='bbox 1721 1443 2197 1527; x_wconf 89' lang='lat' dir='ltr'>prohibitorum</span> <span class='ocrx_word' id='word_1_114' title='bbox 2241 1443 2495 1509; x_wconf 90' lang='lat' dir='ltr'>relatae</span> <span class='ocrx_word' id='word_1_115' title='bbox 2526 1447 2682 1509; x_wconf 88' lang='lat' dir='ltr'>sunt</span> <span class='ocrx_word' id='word_1_116' title='bbox 2712 1448 2781 1509; x_wconf 89' lang='lat' dir='ltr'>et</span> <span class='ocrx_word' id='word_1_117' title='bbox 2813 1465 3045 1509; x_wconf 90' lang='lat' dir='ltr'>earum</span> 
     </span>
     <span class='ocr_line' id='line_1_13' title="bbox 378 1541 2918 1626; baseline 0.002 -22"><span class='ocrx_word' id='word_1_118' title='bbox 378 1562 536 1605; x_wconf 91' lang='lat' dir='ltr'>usus</span> <span class='ocrx_word' id='word_1_119' title='bbox 582 1541 991 1619; x_wconf 79' lang='lat' dir='ltr'>interdictuS,</span> <span class='ocrx_word' id='word_1_120' title='bbox 1042 1543 1248 1608; x_wconf 89' lang='lat' dir='ltr'>donec</span> <span class='ocrx_word' id='word_1_121' title='bbox 1295 1542 1642 1626; x_wconf 89' lang='lat' dir='ltr'>apostillae</span> <span class='ocrx_word' id='word_1_122' title='bbox 1691 1542 1939 1607; x_wconf 86' lang='lat' dir='ltr'>fuerint</span> <span class='ocrx_word' id='word_1_123' title='bbox 1986 1541 2245 1606; x_wconf 89' lang='lat' dir='ltr'>deletae</span> <span class='ocrx_word' id='word_1_124' title='bbox 2293 1544 2411 1606; x_wconf 92' lang='lat' dir='ltr'>aut</span> <span class='ocrx_word' id='word_1_125' title='bbox 2457 1542 2847 1607; x_wconf 89' lang='lat' dir='ltr'>emendatae</span> <span class='ocrx_word' id='word_1_126' title='bbox 2874 1541 2918 1608; x_wconf 83' lang='lat'>³.</span> 
     </span>
    </p>
   </div>
   <div class='ocr_carea' id='block_1_3' title="bbox 377 1647 3045 2122">
    <p class='ocr_par' dir='ltr' id='par_1_3' title="bbox 377 1647 3045 2122">
     <span class='ocr_line' id='line_1_14' title="bbox 565 1647 3044 1733; baseline 0.001 -21"><span class='ocrx_word' id='word_1_127' title='bbox 565 1650 624 1713; x_wconf 84' lang='lat'>6.</span> <span class='ocrx_word' id='word_1_128' title='bbox 673 1650 969 1713; x_wconf 80' lang='lat' dir='ltr'>Didacus</span> <span class='ocrx_word' id='word_1_129' title='bbox 1018 1651 1472 1731; x_wconf 71' lang='lat' dir='ltr'>CavarruviaS,</span> <span class='ocrx_word' id='word_1_130' title='bbox 1514 1649 1682 1733; x_wconf 89' lang='lat' dir='ltr'>juris</span> <span class='ocrx_word' id='word_1_131' title='bbox 1729 1647 2020 1714; x_wconf 89' lang='lat' dir='ltr'>canonici</span> <span class='ocrx_word' id='word_1_132' title='bbox 2069 1648 2138 1712; x_wconf 90' lang='lat' dir='ltr'>in</span> <span class='ocrx_word' id='word_1_133' title='bbox 2185 1647 2639 1714; x_wconf 90' lang='lat' dir='ltr'>Universitate</span> <span class='ocrx_word' id='word_1_134' title='bbox 2688 1649 3044 1715; x_wconf 84' lang='lat' dir='ltr'>Salmanti-</span> 
     </span>
     <span class='ocr_line' id='line_1_15' title="bbox 378 1746 3042 1832; baseline 0 -22"><span class='ocrx_word' id='word_1_135' title='bbox 378 1746 557 1810; x_wconf 89' lang='lat' dir='ltr'>censi</span> <span class='ocrx_word' id='word_1_136' title='bbox 621 1746 955 1829; x_wconf 85' lang='lat' dir='ltr'>professor</span> <span class='ocrx_word' id='word_1_137' title='bbox 1010 1747 1081 1829; x_wconf 77' lang='lat'>(†</span> <span class='ocrx_word' id='word_1_138' title='bbox 1132 1747 1330 1829; x_wconf 85' lang='lat'>1577)</span> <span class='ocrx_word' id='word_1_139' title='bbox 1358 1747 1403 1826; x_wconf 78' lang='lat'>⁴,</span> <span class='ocrx_word' id='word_1_140' title='bbox 1468 1748 1577 1829; x_wconf 92' lang='lat' dir='ltr'>qui</span> <span class='ocrx_word' id='word_1_141' title='bbox 1640 1747 1894 1832; x_wconf 90' lang='lat' dir='ltr'>pariter</span> <span class='ocrx_word' id='word_1_142' title='bbox 1939 1747 2223 1812; x_wconf 90' lang='lat' dir='ltr'>Decreto</span> <span class='ocrx_word' id='word_1_143' title='bbox 2282 1746 2686 1812; x_wconf 90' lang='lat' dir='ltr'>emendando</span> <span class='ocrx_word' id='word_1_144' title='bbox 2750 1768 3042 1831; x_wconf 90' lang='lat' dir='ltr'>operam,</span> 
     </span>
     <span class='ocr_line' id='line_1_16' title="bbox 380 1843 3045 1929; baseline 0.001 -22"><span class='ocrx_word' id='word_1_145' title='bbox 380 1847 449 1908; x_wconf 88' lang='lat' dir='ltr'>et</span> <span class='ocrx_word' id='word_1_146' title='bbox 494 1843 786 1925; x_wconf 91' lang='lat' dir='ltr'>quidem,</span> <span class='ocrx_word' id='word_1_147' title='bbox 836 1845 932 1910; x_wconf 87' lang='lat' dir='ltr'>uti</span> <span class='ocrx_word' id='word_1_148' title='bbox 979 1865 1065 1910; x_wconf 86' lang='lat' dir='ltr'>ex</span> <span class='ocrx_word' id='word_1_149' title='bbox 1109 1846 1217 1923; x_wconf 84' lang='lat' dir='ltr'>iis,</span> <span class='ocrx_word' id='word_1_150' title='bbox 1267 1866 1434 1927; x_wconf 92' lang='lat' dir='ltr'>quae</span> <span class='ocrx_word' id='word_1_151' title='bbox 1481 1845 1818 1929; x_wconf 88' lang='lat' dir='ltr'>praestitit</span> <span class='ocrx_word' id='word_1_152' title='bbox 1842 1843 1887 1922; x_wconf 85' lang='lat'>⁵,</span> <span class='ocrx_word' id='word_1_153' title='bbox 1949 1848 2156 1928; x_wconf 91' lang='lat' dir='ltr'>patet,</span> <span class='ocrx_word' id='word_1_154' title='bbox 2207 1843 2468 1910; x_wconf 90' lang='lat' dir='ltr'>omnino</span> <span class='ocrx_word' id='word_1_155' title='bbox 2517 1849 2744 1929; x_wconf 91' lang='lat' dir='ltr'>aptam</span> <span class='ocrx_word' id='word_1_156' title='bbox 2789 1845 3045 1929; x_wconf 90' lang='lat' dir='ltr'>impen-</span> 
     </span>
     <span class='ocr_line' id='line_1_17' title="bbox 379 1941 3045 2029; baseline 0.001 -24"><span class='ocrx_word' id='word_1_157' title='bbox 379 1941 534 2006; x_wconf 91' lang='lat' dir='ltr'>dere</span> <span class='ocrx_word' id='word_1_158' title='bbox 591 1942 822 2025; x_wconf 92' lang='lat' dir='ltr'>coepit.</span> <span class='ocrx_word' id='word_1_159' title='bbox 918 1942 977 2006; x_wconf 94' lang='lat' dir='ltr'>A</span> <span class='ocrx_word' id='word_1_160' title='bbox 1039 1964 1165 2025; x_wconf 93' lang='lat' dir='ltr'>quo</span> <span class='ocrx_word' id='word_1_161' title='bbox 1220 1947 1444 2009; x_wconf 89' lang='lat' dir='ltr'>tamen</span> <span class='ocrx_word' id='word_1_162' title='bbox 1489 1944 1714 2008; x_wconf 91' lang='lat' dir='ltr'>labore</span> <span class='ocrx_word' id='word_1_163' title='bbox 1763 1943 1994 2008; x_wconf 91' lang='lat' dir='ltr'>deinde</span> <span class='ocrx_word' id='word_1_164' title='bbox 2013 1993 2028 2019; x_wconf 92' lang='lat'>,</span> <span class='ocrx_word' id='word_1_165' title='bbox 2097 1963 2294 2024; x_wconf 92' lang='lat' dir='ltr'>quum</span> <span class='ocrx_word' id='word_1_166' title='bbox 2340 1945 2689 2008; x_wconf 79' lang='lat' dir='ltr'>Antonium</span> <span class='ocrx_word' id='word_1_167' title='bbox 2735 1945 3045 2029; x_wconf 64' lang='lat' dir='ltr'>Augusti·</span> 
     </span>
     <span class='ocr_line' id='line_1_18' title="bbox 377 2037 2677 2122; baseline 0.001 -19"><span class='ocrx_word' id='word_1_168' title='bbox 377 2062 533 2103; x_wconf 74' lang='lat' dir='ltr'>num</span> <span class='ocrx_word' id='word_1_169' title='bbox 579 2040 789 2105; x_wconf 91' lang='lat' dir='ltr'>eidem</span> <span class='ocrx_word' id='word_1_170' title='bbox 834 2041 1099 2122; x_wconf 85' lang='lat' dir='ltr'>negotio</span> <span class='ocrx_word' id='word_1_171' title='bbox 1146 2062 1387 2107; x_wconf 90' lang='lat' dir='ltr'>vacare</span> <span class='ocrx_word' id='word_1_172' title='bbox 1434 2041 1814 2118; x_wconf 87' lang='lat' dir='ltr'>audivisset,</span> <span class='ocrx_word' id='word_1_173' title='bbox 1864 2041 2310 2107; x_wconf 90' lang='lat' dir='ltr'>desistendum</span> <span class='ocrx_word' id='word_1_174' title='bbox 2356 2040 2611 2107; x_wconf 83' lang='lat' dir='ltr'>censuit</span> <span class='ocrx_word' id='word_1_175' title='bbox 2632 2037 2677 2106; x_wconf 77' lang='lat'>⁶.</span> 
     </span>
    </p>
   </div>
   <div class='ocr_carea' id='block_1_4' title="bbox 374 2146 3049 3403">
    <p class='ocr_par' dir='ltr' id='par_1_4' title="bbox 374 2146 3049 3403">
     <span class='ocr_line' id='line_1_19' title="bbox 605 2146 3047 2231; baseline 0.001 -20"><span class='ocrx_word' id='word_1_176' title='bbox 605 2148 662 2212; x_wconf 88' lang='lat'>7.</span> <span class='ocrx_word' id='word_1_177' title='bbox 712 2149 1030 2213; x_wconf 79' lang='lat' dir='ltr'>Antonius</span> <span class='ocrx_word' id='word_1_178' title='bbox 1076 2149 1334 2214; x_wconf 78' lang='lat' dir='ltr'>Gentius</span> <span class='ocrx_word' id='word_1_179' title='bbox 1382 2146 1469 2228; x_wconf 84' lang='lat' dir='ltr'>(Ze</span> <span class='ocrx_word' id='word_1_180' title='bbox 1503 2149 1742 2231; x_wconf 72' lang='lat' dir='ltr'>Come),</span> <span class='ocrx_word' id='word_1_181' title='bbox 1790 2148 1858 2212; x_wconf 92' lang='lat' dir='ltr'>in</span> <span class='ocrx_word' id='word_1_182' title='bbox 1888 2147 2282 2213; x_wconf 89' lang='lat' dir='ltr'>Bituricensi</span> <span class='ocrx_word' id='word_1_183' title='bbox 2315 2147 2671 2214; x_wconf 86' lang='lat' dir='ltr'>Academia</span> <span class='ocrx_word' id='word_1_184' title='bbox 2716 2147 2784 2212; x_wconf 90' lang='lat' dir='ltr'>in</span> <span class='ocrx_word' id='word_1_185' title='bbox 2829 2148 3047 2214; x_wconf 82' lang='lat' dir='ltr'>Gallia</span> 
     </span>
     <span class='ocr_line' id='line_1_20' title="bbox 374 2244 3044 2329; baseline 0.001 -21"><span class='ocrx_word' id='word_1_186' title='bbox 374 2245 541 2328; x_wconf 89' lang='lat' dir='ltr'>juris</span> <span class='ocrx_word' id='word_1_187' title='bbox 589 2245 883 2310; x_wconf 88' lang='lat' dir='ltr'>canonici</span> <span class='ocrx_word' id='word_1_188' title='bbox 929 2245 1266 2329; x_wconf 88' lang='lat' dir='ltr'>professor</span> <span class='ocrx_word' id='word_1_189' title='bbox 1311 2244 1382 2326; x_wconf 88' lang='lat'>(†</span> <span class='ocrx_word' id='word_1_190' title='bbox 1435 2248 1631 2329; x_wconf 83' lang='lat'>1586)</span> <span class='ocrx_word' id='word_1_191' title='bbox 1661 2248 1704 2324; x_wconf 86' lang='lat'>⁷,</span> <span class='ocrx_word' id='word_1_192' title='bbox 1768 2245 1878 2327; x_wconf 93' lang='lat' dir='ltr'>qui</span> <span class='ocrx_word' id='word_1_193' title='bbox 1923 2245 1990 2310; x_wconf 94' lang='lat' dir='ltr'>in</span> <span class='ocrx_word' id='word_1_194' title='bbox 2037 2267 2158 2310; x_wconf 89' lang='lat' dir='ltr'>sua</span> <span class='ocrx_word' id='word_1_195' title='bbox 2205 2245 2489 2311; x_wconf 92' lang='lat' dir='ltr'>editione</span> <span class='ocrx_word' id='word_1_196' title='bbox 2534 2246 2822 2324; x_wconf 91' lang='lat' dir='ltr'>Decreti,</span> <span class='ocrx_word' id='word_1_197' title='bbox 2873 2246 3044 2311; x_wconf 90' lang='lat' dir='ltr'>Ant-</span> 
     </span>
     <span class='ocr_line' id='line_1_21' title="bbox 378 2342 3044 2429; baseline 0.002 -24"><span class='ocrx_word' id='word_1_198' title='bbox 378 2342 648 2426; x_wconf 88' lang='lat' dir='ltr'>verpiae</span> <span class='ocrx_word' id='word_1_199' title='bbox 708 2365 766 2409; x_wconf 89' lang='lat' dir='ltr'>a.</span> <span class='ocrx_word' id='word_1_200' title='bbox 822 2345 992 2408; x_wconf 87' lang='grc'>1570</span> <span class='ocrx_word' id='word_1_201' title='bbox 1041 2345 1215 2427; x_wconf 92' lang='lat' dir='ltr'>apud</span> <span class='ocrx_word' id='word_1_202' title='bbox 1262 2344 1798 2429; x_wconf 88' lang='lat' dir='ltr'>Christophorum</span> <span class='ocrx_word' id='word_1_203' title='bbox 1843 2343 2220 2410; x_wconf 83' lang='lat' dir='ltr'>Plautinum</span> <span class='ocrx_word' id='word_1_204' title='bbox 2275 2343 2515 2428; x_wconf 91' lang='lat' dir='ltr'>publici</span> <span class='ocrx_word' id='word_1_205' title='bbox 2567 2343 2733 2427; x_wconf 88' lang='lat' dir='ltr'>juris</span> <span class='ocrx_word' id='word_1_206' title='bbox 2793 2344 2977 2410; x_wconf 87' lang='lat' dir='ltr'>facta</span> <span class='ocrx_word' id='word_1_207' title='bbox 2994 2343 3044 2421; x_wconf 80' lang='lat'>⁸,</span> 
     </span>
     <span class='ocr_line' id='line_1_22' title="bbox 378 2440 3043 2526; baseline 0.001 -22"><span class='ocrx_word' id='word_1_208' title='bbox 378 2440 593 2505; x_wconf 81' lang='lat' dir='ltr'>textui</span> <span class='ocrx_word' id='word_1_209' title='bbox 656 2441 795 2524; x_wconf 87' lang='lat' dir='ltr'>ejus</span> <span class='ocrx_word' id='word_1_210' title='bbox 842 2442 1077 2506; x_wconf 90' lang='lat' dir='ltr'>uberes</span> <span class='ocrx_word' id='word_1_211' title='bbox 1123 2446 1317 2508; x_wconf 87' lang='lat' dir='ltr'>notas</span> <span class='ocrx_word' id='word_1_212' title='bbox 1365 2442 1642 2526; x_wconf 87' lang='lat' dir='ltr'>adjecit,</span> <span class='ocrx_word' id='word_1_213' title='bbox 1707 2440 1817 2506; x_wconf 92' lang='lat' dir='ltr'>ubi</span> <span class='ocrx_word' id='word_1_214' title='bbox 1879 2441 2154 2523; x_wconf 83' lang='lat' dir='ltr'>singulis</span> <span class='ocrx_word' id='word_1_215' title='bbox 2215 2440 2721 2507; x_wconf 88' lang='lat' dir='ltr'>auctoritatibus</span> <span class='ocrx_word' id='word_1_216' title='bbox 2779 2442 3043 2525; x_wconf 78' lang='lat' dir='ltr'>fontem,</span> 
     </span>
     <span class='ocr_line' id='line_1_23' title="bbox 380 2538 3045 2623; baseline 0.001 -22"><span class='ocrx_word' id='word_1_217' title='bbox 380 2558 502 2602; x_wconf 90' lang='lat' dir='ltr'>nec</span> <span class='ocrx_word' id='word_1_218' title='bbox 547 2559 678 2602; x_wconf 90' lang='lat' dir='ltr'>non</span> <span class='ocrx_word' id='word_1_219' title='bbox 725 2548 985 2623; x_wconf 68' lang='lat' dir='ltr'>tempuS,</span> <span class='ocrx_word' id='word_1_220' title='bbox 1036 2559 1072 2602; x_wconf 93' lang='lat' dir='ltr'>e</span> <span class='ocrx_word' id='word_1_221' title='bbox 1120 2559 1246 2623; x_wconf 88' lang='lat' dir='ltr'>quo</span> <span class='ocrx_word' id='word_1_222' title='bbox 1278 2539 1758 2622; x_wconf 90' lang='lat' dir='ltr'>provenissent,</span> <span class='ocrx_word' id='word_1_223' title='bbox 1808 2539 2149 2621; x_wconf 85' lang='lat' dir='ltr'>assignare</span> <span class='ocrx_word' id='word_1_224' title='bbox 2196 2539 2472 2620; x_wconf 83' lang='lat' dir='ltr'>sategit3</span> <span class='ocrx_word' id='word_1_225' title='bbox 2523 2560 2651 2621; x_wconf 90' lang='lat' dir='ltr'>qua</span> <span class='ocrx_word' id='word_1_226' title='bbox 2698 2538 3045 2604; x_wconf 91' lang='lat' dir='ltr'>occasione</span> 
     </span>
     <span class='ocr_line' id='line_1_24' title="bbox 379 2635 3043 2721; baseline 0.002 -22"><span class='ocrx_word' id='word_1_227' title='bbox 379 2635 573 2700; x_wconf 90' lang='lat' dir='ltr'>simul</span> <span class='ocrx_word' id='word_1_228' title='bbox 619 2636 685 2701; x_wconf 91' lang='lat' dir='ltr'>in</span> <span class='ocrx_word' id='word_1_229' title='bbox 731 2636 956 2701; x_wconf 89' lang='lat' dir='ltr'>multis</span> <span class='ocrx_word' id='word_1_230' title='bbox 1003 2637 1541 2715; x_wconf 81' lang='lat' dir='ltr'>auctoritatibuS,</span> <span class='ocrx_word' id='word_1_231' title='bbox 1607 2637 1998 2721; x_wconf 88' lang='lat' dir='ltr'>praesertim</span> <span class='ocrx_word' id='word_1_232' title='bbox 2044 2637 2175 2702; x_wconf 89' lang='lat' dir='ltr'>illis</span> <span class='ocrx_word' id='word_1_233' title='bbox 2189 2688 2203 2716; x_wconf 96' lang='lat'>,</span> <span class='ocrx_word' id='word_1_234' title='bbox 2268 2657 2436 2720; x_wconf 90' lang='lat' dir='ltr'>quae</span> <span class='ocrx_word' id='word_1_235' title='bbox 2484 2636 2767 2703; x_wconf 86' lang='lat' dir='ltr'>Summis</span> <span class='ocrx_word' id='word_1_236' title='bbox 2812 2637 3043 2704; x_wconf 91' lang='lat' dir='ltr'>Ponti-</span> 
     </span>
     <span class='ocr_line' id='line_1_25' title="bbox 380 2733 3046 2820; baseline 0.002 -23"><span class='ocrx_word' id='word_1_237' title='bbox 380 2734 609 2799; x_wconf 91' lang='lat' dir='ltr'>ficibus</span> <span class='ocrx_word' id='word_1_238' title='bbox 664 2733 956 2818; x_wconf 89' lang='lat' dir='ltr'>priorum</span> <span class='ocrx_word' id='word_1_239' title='bbox 1000 2734 1339 2800; x_wconf 85' lang='lat' dir='ltr'>Ecclesiae</span> <span class='ocrx_word' id='word_1_240' title='bbox 1386 2736 1795 2801; x_wconf 89' lang='lat' dir='ltr'>saeculorum</span> <span class='ocrx_word' id='word_1_241' title='bbox 1840 2735 2196 2820; x_wconf 89' lang='lat' dir='ltr'>inscriptae</span> <span class='ocrx_word' id='word_1_242' title='bbox 2258 2740 2476 2814; x_wconf 89' lang='lat' dir='ltr'>erant,</span> <span class='ocrx_word' id='word_1_243' title='bbox 2540 2740 2610 2801; x_wconf 92' lang='lat' dir='ltr'>et</span> <span class='ocrx_word' id='word_1_244' title='bbox 2652 2736 3046 2802; x_wconf 86' lang='lat' dir='ltr'>nominatim</span> 
     </span>
     <span class='ocr_line' id='line_1_26' title="bbox 380 2831 3040 2918; baseline 0.002 -24"><span class='ocrx_word' id='word_1_245' title='bbox 380 2831 448 2894; x_wconf 92' lang='lat' dir='ltr'>in</span> <span class='ocrx_word' id='word_1_246' title='bbox 494 2831 588 2895; x_wconf 88' lang='lat' dir='ltr'>sic</span> <span class='ocrx_word' id='word_1_247' title='bbox 648 2831 838 2896; x_wconf 90' lang='lat' dir='ltr'>dictis</span> <span class='ocrx_word' id='word_1_248' title='bbox 887 2832 1320 2899; x_wconf 86' lang='lat' dir='ltr'>decretalibus</span> <span class='ocrx_word' id='word_1_249' title='bbox 1367 2832 2036 2899; x_wconf 88' lang='lat' dir='ltr'>Pseudo-Isidorianis</span> <span class='ocrx_word' id='word_1_250' title='bbox 2059 2884 2073 2912; x_wconf 96' lang='lat'>,</span> <span class='ocrx_word' id='word_1_251' title='bbox 2134 2834 2421 2899; x_wconf 90' lang='lat' dir='ltr'>indolem</span> <span class='ocrx_word' id='word_1_252' title='bbox 2476 2834 2768 2918; x_wconf 90' lang='lat' dir='ltr'>spuriam</span> <span class='ocrx_word' id='word_1_253' title='bbox 2829 2834 3040 2899; x_wconf 87' lang='lat' dir='ltr'>anim-</span> 
     </span>
     <span class='ocr_line' id='line_1_27' title="bbox 381 2928 3046 3015; baseline 0.002 -23"><span class='ocrx_word' id='word_1_254' title='bbox 381 2928 673 2994; x_wconf 83' lang='lat' dir='ltr'>advertit</span> <span class='ocrx_word' id='word_1_255' title='bbox 720 2932 789 2994; x_wconf 92' lang='lat' dir='ltr'>et</span> <span class='ocrx_word' id='word_1_256' title='bbox 836 2929 1114 2996; x_wconf 89' lang='lat' dir='ltr'>notavit.</span> <span class='ocrx_word' id='word_1_257' title='bbox 1202 2931 1478 3014; x_wconf 91' lang='lat' dir='ltr'>Insuper</span> <span class='ocrx_word' id='word_1_258' title='bbox 1523 2931 1734 3015; x_wconf 91' lang='lat' dir='ltr'>plura,</span> <span class='ocrx_word' id='word_1_259' title='bbox 1785 2952 1952 3013; x_wconf 90' lang='lat' dir='ltr'>quae</span> <span class='ocrx_word' id='word_1_260' title='bbox 1992 2933 2130 3015; x_wconf 89' lang='lat' dir='ltr'>jam</span> <span class='ocrx_word' id='word_1_261' title='bbox 2176 2934 2602 2998; x_wconf 81' lang='lat' dir='ltr'>Demochares</span> <span class='ocrx_word' id='word_1_262' title='bbox 2648 2932 3046 2998; x_wconf 87' lang='lat' dir='ltr'>emendave-</span> 
     </span>
     <span class='ocr_line' id='line_1_28' title="bbox 381 3027 3047 3115; baseline 0.002 -25"><span class='ocrx_word' id='word_1_263' title='bbox 381 3029 507 3103; x_wconf 89' lang='lat' dir='ltr'>rat,</span> <span class='ocrx_word' id='word_1_264' title='bbox 559 3027 931 3111; x_wconf 87' lang='lat' dir='ltr'>assumpsit,</span> <span class='ocrx_word' id='word_1_265' title='bbox 982 3031 1051 3093; x_wconf 89' lang='lat' dir='ltr'>et</span> <span class='ocrx_word' id='word_1_266' title='bbox 1082 3028 1149 3092; x_wconf 91' lang='lat' dir='ltr'>in</span> <span class='ocrx_word' id='word_1_267' title='bbox 1195 3028 1487 3112; x_wconf 91' lang='lat' dir='ltr'>pluribus</span> <span class='ocrx_word' id='word_1_268' title='bbox 1534 3030 1736 3095; x_wconf 89' lang='lat' dir='ltr'>etiam</span> <span class='ocrx_word' id='word_1_269' title='bbox 1768 3030 2177 3114; x_wconf 83' lang='lat' dir='ltr'>Molinaeum,</span> <span class='ocrx_word' id='word_1_270' title='bbox 2231 3051 2582 3115; x_wconf 87' lang='lat' dir='ltr'>suppresso</span> <span class='ocrx_word' id='word_1_271' title='bbox 2628 3034 2856 3096; x_wconf 90' lang='lat' dir='ltr'>tamen</span> <span class='ocrx_word' id='word_1_272' title='bbox 2903 3032 3047 3114; x_wconf 86' lang='lat' dir='ltr'>ejus</span> 
     </span>
     <span class='ocr_line' id='line_1_29' title="bbox 383 3124 3049 3211; baseline 0.002 -23"><span class='ocrx_word' id='word_1_273' title='bbox 383 3124 662 3202; x_wconf 90' lang='lat' dir='ltr'>nomine,</span> <span class='ocrx_word' id='word_1_274' title='bbox 713 3125 1000 3191; x_wconf 81' lang='lat' dir='ltr'>correxit</span> <span class='ocrx_word' id='word_1_275' title='bbox 1023 3124 1065 3191; x_wconf 82' lang='lat'>⁹.</span> <span class='ocrx_word' id='word_1_276' title='bbox 1160 3127 1364 3191; x_wconf 91' lang='lat' dir='ltr'>Porro</span> <span class='ocrx_word' id='word_1_277' title='bbox 1413 3146 1560 3191; x_wconf 90' lang='lat' dir='ltr'>eum</span> <span class='ocrx_word' id='word_1_278' title='bbox 1609 3127 1907 3192; x_wconf 90' lang='lat' dir='ltr'>omnibus</span> <span class='ocrx_word' id='word_1_279' title='bbox 1954 3128 2491 3206; x_wconf 76' lang='lat' dir='ltr'>auctoritatibuS,</span> <span class='ocrx_word' id='word_1_280' title='bbox 2559 3148 2727 3211; x_wconf 91' lang='lat' dir='ltr'>quae</span> <span class='ocrx_word' id='word_1_281' title='bbox 2772 3132 2932 3195; x_wconf 90' lang='lat' dir='ltr'>tunc</span> <span class='ocrx_word' id='word_1_282' title='bbox 2976 3129 3049 3193; x_wconf 85' lang='lat' dir='ltr'>in</span> 
     </span>
     <span class='ocr_line' id='line_1_30' title="bbox 381 3223 3047 3311; baseline 0.002 -24"><span class='ocrx_word' id='word_1_283' title='bbox 381 3224 663 3289; x_wconf 89' lang='lat' dir='ltr'>Decreto</span> <span class='ocrx_word' id='word_1_284' title='bbox 712 3223 1247 3302; x_wconf 86' lang='lat' dir='ltr'>continebantur,</span> <span class='ocrx_word' id='word_1_285' title='bbox 1307 3224 1508 3289; x_wconf 89' lang='lat' dir='ltr'>etiam</span> <span class='ocrx_word' id='word_1_286' title='bbox 1553 3225 1771 3291; x_wconf 90' lang='lat' dir='ltr'>Paleis</span> <span class='ocrx_word' id='word_1_287' title='bbox 1790 3275 1804 3304; x_wconf 94' lang='lat'>,</span> <span class='ocrx_word' id='word_1_288' title='bbox 1869 3249 2162 3292; x_wconf 79' lang='lat' dir='ltr'>numeros</span> <span class='ocrx_word' id='word_1_289' title='bbox 2207 3226 2613 3310; x_wconf 85' lang='lat' dir='ltr'>praefixisse,</span> <span class='ocrx_word' id='word_1_290' title='bbox 2655 3227 2796 3310; x_wconf 88' lang='lat' dir='ltr'>jam</span> <span class='ocrx_word' id='word_1_291' title='bbox 2843 3248 3047 3311; x_wconf 89' lang='lat' dir='ltr'>supra</span> 
     </span>
     <span class='ocr_line' id='line_1_31' title="bbox 383 3320 1113 3403; baseline 0.003 -18"><span class='ocrx_word' id='word_1_292' title='bbox 383 3320 449 3402; x_wconf 65' lang='grc' dir='ltr'>(ἓ</span> <span class='ocrx_word' id='word_1_293' title='bbox 500 3320 634 3403; x_wconf 87' lang='grc'><strong>26.)</strong></span> <span class='ocrx_word' id='word_1_294' title='bbox 681 3321 1113 3387; x_wconf 91' lang='lat' dir='ltr'>meminimus.</span> 
     </span>
    </p>
   </div>
   <div class='ocr_carea' id='block_1_5' title="bbox 384 3429 3048 3611">
    <p class='ocr_par' dir='ltr' id='par_1_5' title="bbox 384 3429 3048 3611">
     <span class='ocr_line' id='line_1_32' title="bbox 565 3429 3048 3515; baseline 0.002 -23"><span class='ocrx_word' id='word_1_295' title='bbox 565 3429 622 3494; x_wconf 95' lang='grc'><strong>8.</strong></span> <span class='ocrx_word' id='word_1_296' title='bbox 673 3430 991 3494; x_wconf 77' lang='lat' dir='ltr'>Antonius</span> <span class='ocrx_word' id='word_1_297' title='bbox 1023 3430 1442 3514; x_wconf 70' lang='lat' dir='ltr'>AuqustinuS,</span> <span class='ocrx_word' id='word_1_298' title='bbox 1485 3431 1624 3514; x_wconf 87' lang='lat' dir='ltr'>jam</span> <span class='ocrx_word' id='word_1_299' title='bbox 1662 3430 1926 3515; x_wconf 91' lang='lat' dir='ltr'>saepius</span> <span class='ocrx_word' id='word_1_300' title='bbox 1957 3432 2281 3510; x_wconf 80' lang='lat' dir='ltr'>laudatuS‚</span> <span class='ocrx_word' id='word_1_301' title='bbox 2332 3431 2442 3513; x_wconf 92' lang='lat' dir='ltr'>qui</span> <span class='ocrx_word' id='word_1_302' title='bbox 2474 3432 2554 3496; x_wconf 94' lang='lat' dir='ltr'>de</span> <span class='ocrx_word' id='word_1_303' title='bbox 2588 3431 3048 3497; x_wconf 92' lang='lat' dir='ltr'>emendatione</span> 
     </span>
     <span class='ocr_line' id='line_1_33' title="bbox 384 3526 3047 3611; baseline 0.001 -21"><span class='ocrx_word' id='word_1_304' title='bbox 384 3526 650 3591; x_wconf 89' lang='lat' dir='ltr'>Decreti</span> <span class='ocrx_word' id='word_1_305' title='bbox 700 3526 997 3592; x_wconf 82' lang='lat' dir='ltr'>Gratiani</span> <span class='ocrx_word' id='word_1_306' title='bbox 1057 3528 1396 3611; x_wconf 87' lang='lat' dir='ltr'>praeclare</span> <span class='ocrx_word' id='word_1_307' title='bbox 1453 3527 1694 3596; x_wconf 90' lang='lat' dir='ltr'>meruit</span> <span class='ocrx_word' id='word_1_308' title='bbox 1755 3528 2025 3611; x_wconf 84' lang='lat' dir='ltr'>egregia</span> <span class='ocrx_word' id='word_1_309' title='bbox 2081 3529 2542 3595; x_wconf 90' lang='lat' dir='ltr'>dissertatione</span> <span class='ocrx_word' id='word_1_310' title='bbox 2561 3580 2575 3607; x_wconf 93' lang='lat'>,</span> <span class='ocrx_word' id='word_1_311' title='bbox 2631 3529 2751 3594; x_wconf 90' lang='lat' dir='ltr'>sub</span> <span class='ocrx_word' id='word_1_312' title='bbox 2810 3529 3047 3595; x_wconf 87' lang='lat' dir='ltr'>titulo:</span> 
     </span>
    </p>
   </div>
   <div class='ocr_carea' id='block_1_6' title="bbox 388 3623 3045 3785">
    <p class='ocr_par' dir='ltr' id='par_1_6' title="bbox 388 3623 3045 3785">
     <span class='ocr_line' id='line_1_34' title="bbox 396 3623 3045 3784; baseline 0.002 -97"><span class='ocrx_word' id='word_1_313' title='bbox 396 3623 528 3784; x_wconf 49' lang='grc' dir='ltr'>,ξε</span> <span class='ocrx_word' id='word_1_314' title='bbox 548 3720 571 3784; x_wconf 73' lang='lat' dir='ltr'>l</span> <span class='ocrx_word' id='word_1_315' title='bbox 594 3624 1048 3758; x_wconf 68' lang='lat' dir='ltr'>emeondatione</span> <span class='ocrx_word' id='word_1_316' title='bbox 1098 3624 1398 3690; x_wconf 79' lang='lat' dir='ltr'>Gratiani</span> <span class='ocrx_word' id='word_1_317' title='bbox 1459 3624 1869 3708; x_wconf 86' lang='lat' dir='ltr'>dialogorum</span> <span class='ocrx_word' id='word_1_318' title='bbox 1933 3625 2082 3691; x_wconf 90' lang='lat' dir='ltr'>libri</span> <span class='ocrx_word' id='word_1_319' title='bbox 2143 3627 2333 3705; x_wconf 89' lang='lat' dir='ltr'>duo“,</span> <span class='ocrx_word' id='word_1_320' title='bbox 2398 3648 2594 3708; x_wconf 91' lang='lat' dir='ltr'>quam</span> <span class='ocrx_word' id='word_1_321' title='bbox 2649 3648 2819 3692; x_wconf 93' lang='lat' dir='ltr'>anno</span> <span class='ocrx_word' id='word_1_322' title='bbox 2874 3628 3045 3692; x_wconf 83' lang='lat'>1582</span> 
     </span>
     <span class='ocr_line' id='line_1_35' title="bbox 388 3720 769 3785; baseline 0.003 -1"><span class='ocrx_word' id='word_1_323' title='bbox 388 3741 428 3784; x_wconf 92' lang='lat' dir='ltr'>a</span> <span class='ocrx_word' id='word_1_324' title='bbox 474 3741 545 3785; x_wconf 90' lang='lat' dir='ltr'>so</span> <span class='ocrx_word' id='word_1_325' title='bbox 572 3720 672 3785; x_wconf 89' lang='lat' dir='ltr'>vit</span> <span class='ocrx_word' id='word_1_326' title='bbox 756 3773 769 3785; x_wconf 91' lang='lat'>.</span> 
     </span>
    </p>
   </div>
   <div class='ocr_carea' id='block_1_7' title="bbox 384 3896 3050 4770">
    <p class='ocr_par' dir='ltr' id='par_1_7' title="bbox 570 3896 1971 3966">
     <span class='ocr_line' id='line_1_36' title="bbox 570 3896 1971 3966; baseline 0.002 -18"><span class='ocrx_word' id='word_1_327' title='bbox 570 3901 583 3931; x_wconf 90' lang='lat'><strong>¹</strong></span> <span class='ocrx_word' id='word_1_328' title='bbox 623 3898 857 3965; x_wconf 82' lang='lat' dir='ltr'>Richter,</span> <span class='ocrx_word' id='word_1_329' title='bbox 895 3896 976 3951; x_wconf 92' lang='lat' dir='ltr'>De</span> <span class='ocrx_word' id='word_1_330' title='bbox 1014 3897 1452 3951; x_wconf 84' lang='lat' dir='ltr'>emendatoribus</span> <span class='ocrx_word' id='word_1_331' title='bbox 1491 3896 1756 3962; x_wconf 84' lang='lat' dir='ltr'>Gratiani,</span> <span class='ocrx_word' id='word_1_332' title='bbox 1794 3915 1845 3966; x_wconf 91' lang='lat' dir='ltr'>p.</span> <span class='ocrx_word' id='word_1_333' title='bbox 1886 3897 1971 3951; x_wconf 87' lang='lat'>26.</span> 
     </span>
    </p>

    <p class='ocr_par' dir='ltr' id='par_1_8' title="bbox 565 3975 2502 4048">
     <span class='ocr_line' id='line_1_37' title="bbox 565 3975 2502 4048; baseline 0.002 -19"><span class='ocrx_word' id='word_1_334' title='bbox 565 3977 585 4009; x_wconf 84' lang='lat'><strong>²</strong></span> <span class='ocrx_word' id='word_1_335' title='bbox 628 3979 811 4043; x_wconf 74' lang='lat' dir='ltr'>Quetif</span> <span class='ocrx_word' id='word_1_336' title='bbox 830 3981 886 4031; x_wconf 92' lang='lat' dir='ltr'>et</span> <span class='ocrx_word' id='word_1_337' title='bbox 909 3979 1149 4045; x_wconf 80' lang='lat' dir='ltr'>Echard,</span> <span class='ocrx_word' id='word_1_338' title='bbox 1187 3975 1490 4046; x_wconf 84' lang='lat' dir='ltr'>Scriptores</span> <span class='ocrx_word' id='word_1_339' title='bbox 1516 3976 1644 4031; x_wconf 83' lang='lat' dir='ltr'>ord.</span> <span class='ocrx_word' id='word_1_340' title='bbox 1670 3977 1975 4031; x_wconf 85' lang='lat' dir='ltr'>Praedicat.</span> <span class='ocrx_word' id='word_1_341' title='bbox 2013 3981 2143 4031; x_wconf 91' lang='lat' dir='ltr'>tom.</span> <span class='ocrx_word' id='word_1_342' title='bbox 2184 3978 2250 4031; x_wconf 94' lang='lat' dir='ltr'>II.</span> <span class='ocrx_word' id='word_1_343' title='bbox 2288 3996 2340 4048; x_wconf 90' lang='lat' dir='ltr'>p.</span> <span class='ocrx_word' id='word_1_344' title='bbox 2379 3979 2502 4032; x_wconf 84' lang='lat'>231.</span> 
     </span>
    </p>

    <p class='ocr_par' dir='ltr' id='par_1_9' title="bbox 566 4056 1376 4126">
     <span class='ocr_line' id='line_1_38' title="bbox 566 4056 1376 4126; baseline 0.002 -18"><span class='ocrx_word' id='word_1_345' title='bbox 566 4057 586 4091; x_wconf 79' lang='lat'><strong>⁸</strong></span> <span class='ocrx_word' id='word_1_346' title='bbox 624 4058 844 4109; x_wconf 80' lang='lat' dir='ltr'>Richter</span> <span class='ocrx_word' id='word_1_347' title='bbox 878 4056 915 4110; x_wconf 91' lang='lat' dir='ltr'>l.</span> <span class='ocrx_word' id='word_1_348' title='bbox 954 4074 1000 4110; x_wconf 93' lang='lat' dir='ltr'>c.</span> <span class='ocrx_word' id='word_1_349' title='bbox 1040 4074 1092 4126; x_wconf 87' lang='lat' dir='ltr'>p.</span> <span class='ocrx_word' id='word_1_350' title='bbox 1131 4057 1217 4110; x_wconf 85' lang='lat'>24.</span> <span class='ocrx_word' id='word_1_351' title='bbox 1257 4074 1376 4126; x_wconf 91' lang='lat' dir='ltr'>sqq.</span> 
     </span>
    </p>

    <p class='ocr_par' dir='ltr' id='par_1_10' title="bbox 563 4136 2517 4208">
     <span class='ocr_line' id='line_1_39' title="bbox 563 4136 2517 4208; baseline 0.002 -19"><span class='ocrx_word' id='word_1_352' title='bbox 563 4138 587 4172; x_wconf 72' lang='lat'>⁴</span> <span class='ocrx_word' id='word_1_353' title='bbox 624 4139 843 4205; x_wconf 80' lang='lat' dir='ltr'>Doujat,</span> <span class='ocrx_word' id='word_1_354' title='bbox 881 4136 1300 4190; x_wconf 84' lang='lat' dir='ltr'>Praenotionum</span> <span class='ocrx_word' id='word_1_355' title='bbox 1339 4154 1526 4190; x_wconf 84' lang='lat' dir='ltr'>canon.</span> <span class='ocrx_word' id='word_1_356' title='bbox 1566 4136 1657 4191; x_wconf 90' lang='lat' dir='ltr'>lib.</span> <span class='ocrx_word' id='word_1_357' title='bbox 1699 4137 1764 4190; x_wconf 88' lang='lat' dir='ltr'>V.</span> <span class='ocrx_word' id='word_1_358' title='bbox 1805 4154 1922 4207; x_wconf 84' lang='lat' dir='ltr'>cap.</span> <span class='ocrx_word' id='word_1_359' title='bbox 1960 4137 2012 4191; x_wconf 89' lang='grc'>8.</span> <span class='ocrx_word' id='word_1_360' title='bbox 2051 4138 2134 4191; x_wconf 91' lang='lat' dir='ltr'>ed.</span> <span class='ocrx_word' id='word_1_361' title='bbox 2173 4137 2265 4192; x_wconf 90' lang='lat' dir='ltr'>cit.</span> <span class='ocrx_word' id='word_1_362' title='bbox 2304 4156 2356 4208; x_wconf 88' lang='lat' dir='ltr'>p.</span> <span class='ocrx_word' id='word_1_363' title='bbox 2394 4138 2517 4193; x_wconf 85' lang='lat'>459.</span> 
     </span>
    </p>

    <p class='ocr_par' dir='ltr' id='par_1_11' title="bbox 384 4216 3048 4367">
     <span class='ocr_line' id='line_1_40' title="bbox 567 4216 3048 4289; baseline 0.002 -20"><span class='ocrx_word' id='word_1_364' title='bbox 567 4220 587 4253; x_wconf 79' lang='lat'>⁵</span> <span class='ocrx_word' id='word_1_365' title='bbox 623 4217 685 4269; x_wconf 90' lang='lat' dir='ltr'>In</span> <span class='ocrx_word' id='word_1_366' title='bbox 723 4234 820 4270; x_wconf 89' lang='lat' dir='ltr'>suo</span> <span class='ocrx_word' id='word_1_367' title='bbox 858 4234 1042 4286; x_wconf 86' lang='lat' dir='ltr'>opere:</span> <span class='ocrx_word' id='word_1_368' title='bbox 1082 4216 1282 4270; x_wconf 85' lang='lat' dir='ltr'>Variae</span> <span class='ocrx_word' id='word_1_369' title='bbox 1320 4216 1716 4280; x_wconf 76' lang='lat' dir='ltr'>ResolutioneS,</span> <span class='ocrx_word' id='word_1_370' title='bbox 1754 4217 1846 4272; x_wconf 92' lang='lat' dir='ltr'>lib.</span> <span class='ocrx_word' id='word_1_371' title='bbox 1872 4217 1965 4271; x_wconf 88' lang='lat' dir='ltr'>IV.</span> <span class='ocrx_word' id='word_1_372' title='bbox 2006 4234 2122 4288; x_wconf 85' lang='lat' dir='ltr'>cap.</span> <span class='ocrx_word' id='word_1_373' title='bbox 2166 4218 2265 4281; x_wconf 94' lang='grc'><strong>11.,</strong></span> <span class='ocrx_word' id='word_1_374' title='bbox 2304 4218 2442 4289; x_wconf 91' lang='lat' dir='ltr'>Opp.</span> <span class='ocrx_word' id='word_1_375' title='bbox 2482 4219 2564 4273; x_wconf 89' lang='lat' dir='ltr'>ed.</span> <span class='ocrx_word' id='word_1_376' title='bbox 2603 4219 2851 4274; x_wconf 76' lang='lat' dir='ltr'>Francos.</span> <span class='ocrx_word' id='word_1_377' title='bbox 2891 4220 3048 4285; x_wconf 84' lang='lat'>1608,</span> 
     </span>
     <span class='ocr_line' id='line_1_41' title="bbox 384 4298 876 4367; baseline -0.002 -16"><span class='ocrx_word' id='word_1_378' title='bbox 384 4301 512 4351; x_wconf 88' lang='lat' dir='ltr'>tom.</span> <span class='ocrx_word' id='word_1_379' title='bbox 554 4298 622 4350; x_wconf 93' lang='lat' dir='ltr'>II.</span> <span class='ocrx_word' id='word_1_380' title='bbox 662 4314 712 4367; x_wconf 93' lang='lat' dir='ltr'>p.</span> <span class='ocrx_word' id='word_1_381' title='bbox 754 4298 876 4352; x_wconf 88' lang='grc'><strong>290.</strong></span> 
     </span>
    </p>

    <p class='ocr_par' dir='ltr' id='par_1_12' title="bbox 565 4377 2096 4448">
     <span class='ocr_line' id='line_1_42' title="bbox 565 4377 2096 4448; baseline -0.001 -17"><span class='ocrx_word' id='word_1_382' title='bbox 565 4379 588 4413; x_wconf 74' lang='lat'><strong>⁶</strong></span> <span class='ocrx_word' id='word_1_383' title='bbox 623 4379 845 4431; x_wconf 79' lang='lat' dir='ltr'>Richter</span> <span class='ocrx_word' id='word_1_384' title='bbox 881 4377 916 4430; x_wconf 91' lang='lat' dir='ltr'>l.</span> <span class='ocrx_word' id='word_1_385' title='bbox 956 4395 1001 4431; x_wconf 90' lang='lat' dir='ltr'>c.</span> <span class='ocrx_word' id='word_1_386' title='bbox 1040 4396 1091 4447; x_wconf 91' lang='lat' dir='ltr'>p.</span> <span class='ocrx_word' id='word_1_387' title='bbox 1132 4377 1216 4432; x_wconf 84' lang='lat'>35.</span> <span class='ocrx_word' id='word_1_388' title='bbox 1256 4395 1339 4446; x_wconf 91' lang='lat' dir='ltr'>sq.</span> <span class='ocrx_word' id='word_1_389' title='bbox 2093 4443 2096 4448; x_wconf 67' lang='lat'>,</span> 
     </span>
    </p>

    <p class='ocr_par' dir='ltr' id='par_1_13' title="bbox 567 4456 2124 4527">
     <span class='ocr_line' id='line_1_43' title="bbox 567 4456 2124 4527; baseline -0.001 -16"><span class='ocrx_word' id='word_1_390' title='bbox 567 4460 585 4493; x_wconf 81' lang='lat'>&#39;¹</span> <span class='ocrx_word' id='word_1_391' title='bbox 624 4460 829 4524; x_wconf 77' lang='lat' dir='ltr'>Doujat</span> <span class='ocrx_word' id='word_1_392' title='bbox 864 4456 900 4510; x_wconf 93' lang='grc'><strong>1.</strong></span> <span class='ocrx_word' id='word_1_393' title='bbox 940 4475 986 4511; x_wconf 90' lang='lat' dir='ltr'>c.</span> <span class='ocrx_word' id='word_1_394' title='bbox 1025 4457 1118 4512; x_wconf 92' lang='lat' dir='ltr'>lib.</span> <span class='ocrx_word' id='word_1_395' title='bbox 1156 4457 1223 4511; x_wconf 89' lang='lat' dir='ltr'>V.</span> <span class='ocrx_word' id='word_1_396' title='bbox 1263 4474 1379 4527; x_wconf 85' lang='lat' dir='ltr'>cap.</span> <span class='ocrx_word' id='word_1_397' title='bbox 1420 4458 1470 4512; x_wconf 89' lang='lat'>8.</span> <span class='ocrx_word' id='word_1_398' title='bbox 1510 4458 1592 4511; x_wconf 90' lang='lat' dir='ltr'>ed.</span> <span class='ocrx_word' id='word_1_399' title='bbox 1631 4456 1724 4511; x_wconf 89' lang='lat' dir='ltr'>cit.</span> <span class='ocrx_word' id='word_1_400' title='bbox 1763 4476 1814 4527; x_wconf 90' lang='lat' dir='ltr'>p.</span> <span class='ocrx_word' id='word_1_401' title='bbox 1852 4459 1975 4512; x_wconf 84' lang='lat'>459.</span> <span class='ocrx_word' id='word_1_402' title='bbox 2014 4475 2124 4527; x_wconf 90' lang='lat' dir='ltr'>sq..</span> 
     </span>
    </p>

    <p class='ocr_par' dir='ltr' id='par_1_14' title="bbox 568 4536 3050 4609">
     <span class='ocr_line' id='line_1_44' title="bbox 568 4536 3050 4609; baseline 0.001 -18"><span class='ocrx_word' id='word_1_403' title='bbox 568 4540 588 4573; x_wconf 77' lang='lat'><strong>⁸</strong></span> <span class='ocrx_word' id='word_1_404' title='bbox 627 4537 783 4592; x_wconf 82' lang='lat' dir='ltr'>Circa</span> <span class='ocrx_word' id='word_1_405' title='bbox 821 4536 1086 4592; x_wconf 89' lang='lat' dir='ltr'>editiones</span> <span class='ocrx_word' id='word_1_406' title='bbox 1123 4537 1243 4608; x_wconf 87' lang='lat' dir='ltr'>ejus</span> <span class='ocrx_word' id='word_1_407' title='bbox 1280 4537 1620 4591; x_wconf 85' lang='lat' dir='ltr'>Parisienses</span> <span class='ocrx_word' id='word_1_408' title='bbox 1658 4554 1707 4591; x_wconf 85' lang='lat' dir='ltr'>a.</span> <span class='ocrx_word' id='word_1_409' title='bbox 1751 4538 1889 4592; x_wconf 88' lang='grc'><strong>1556</strong></span> <span class='ocrx_word' id='word_1_410' title='bbox 1926 4541 1984 4591; x_wconf 88' lang='lat' dir='ltr'>et</span> <span class='ocrx_word' id='word_1_411' title='bbox 2024 4539 2161 4592; x_wconf 88' lang='lat'>1570</span> <span class='ocrx_word' id='word_1_412' title='bbox 2212 4539 2310 4592; x_wconf 86' lang='lat' dir='ltr'>cfr.</span> <span class='ocrx_word' id='word_1_413' title='bbox 2349 4556 2514 4609; x_wconf 85' lang='lat' dir='ltr'>supra</span> <span class='ocrx_word' id='word_1_414' title='bbox 2551 4556 2675 4609; x_wconf 79' lang='lat' dir='ltr'>pag.</span> <span class='ocrx_word' id='word_1_415' title='bbox 2715 4540 2804 4594; x_wconf 83' lang='lat'>44.</span> <span class='ocrx_word' id='word_1_416' title='bbox 2843 4544 2956 4595; x_wconf 88' lang='lat' dir='ltr'>not.</span> <span class='ocrx_word' id='word_1_417' title='bbox 2995 4541 3050 4594; x_wconf 84' lang='lat'>2.</span> 
     </span>
    </p>

    <p class='ocr_par' dir='ltr' id='par_1_15' title="bbox 567 4617 1378 4688">
     <span class='ocr_line' id='line_1_45' title="bbox 567 4617 1378 4688; baseline 0.002 -18"><span class='ocrx_word' id='word_1_418' title='bbox 567 4617 589 4653; x_wconf 80' lang='lat'>⁹</span> <span class='ocrx_word' id='word_1_419' title='bbox 626 4620 847 4670; x_wconf 71' lang='lat' dir='ltr'>Richter</span> <span class='ocrx_word' id='word_1_420' title='bbox 880 4618 917 4672; x_wconf 93' lang='lat' dir='ltr'>l.</span> <span class='ocrx_word' id='word_1_421' title='bbox 957 4636 1003 4672; x_wconf 91' lang='lat' dir='ltr'>c.</span> <span class='ocrx_word' id='word_1_422' title='bbox 1042 4636 1092 4688; x_wconf 89' lang='lat' dir='ltr'>p.</span> <span class='ocrx_word' id='word_1_423' title='bbox 1132 4619 1219 4671; x_wconf 90' lang='grc'>29.</span> <span class='ocrx_word' id='word_1_424' title='bbox 1258 4634 1378 4687; x_wconf 87' lang='lat' dir='ltr'>sqq.</span> 
     </span>
    </p>

    <p class='ocr_par' dir='ltr' id='par_1_16' title="bbox 548 4697 2973 4770">
     <span class='ocr_line' id='line_1_46' title="bbox 548 4697 2973 4770; baseline 0.001 -18"><span class='ocrx_word' id='word_1_425' title='bbox 548 4699 592 4734; x_wconf 88' lang='lat'>¹⁰</span> <span class='ocrx_word' id='word_1_426' title='bbox 628 4700 833 4766; x_wconf 82' lang='lat' dir='ltr'>Doujat</span> <span class='ocrx_word' id='word_1_427' title='bbox 867 4698 904 4751; x_wconf 91' lang='lat'>1.</span> <span class='ocrx_word' id='word_1_428' title='bbox 944 4716 989 4753; x_wconf 90' lang='lat' dir='ltr'>c.</span> <span class='ocrx_word' id='word_1_429' title='bbox 1028 4698 1120 4752; x_wconf 91' lang='lat' dir='ltr'>lib.</span> <span class='ocrx_word' id='word_1_430' title='bbox 1158 4698 1226 4753; x_wconf 90' lang='lat' dir='ltr'>V.</span> <span class='ocrx_word' id='word_1_431' title='bbox 1265 4715 1382 4768; x_wconf 88' lang='lat' dir='ltr'>cap.</span> <span class='ocrx_word' id='word_1_432' title='bbox 1422 4698 1470 4753; x_wconf 93' lang='grc'><strong>8.</strong></span> <span class='ocrx_word' id='word_1_433' title='bbox 1511 4699 1594 4752; x_wconf 91' lang='lat' dir='ltr'>ed.</span> <span class='ocrx_word' id='word_1_434' title='bbox 1634 4697 1725 4751; x_wconf 91' lang='lat' dir='ltr'>cit.</span> <span class='ocrx_word' id='word_1_435' title='bbox 1764 4715 1815 4768; x_wconf 91' lang='lat' dir='ltr'>p.</span> <span class='ocrx_word' id='word_1_436' title='bbox 1853 4698 1975 4753; x_wconf 90' lang='grc'><strong>460.</strong></span> <span class='ocrx_word' id='word_1_437' title='bbox 2015 4715 2128 4767; x_wconf 90' lang='lat' dir='ltr'>sq.;</span> <span class='ocrx_word' id='word_1_438' title='bbox 2166 4699 2263 4752; x_wconf 86' lang='lat' dir='ltr'>cfr.</span> <span class='ocrx_word' id='word_1_439' title='bbox 2303 4717 2467 4769; x_wconf 89' lang='lat' dir='ltr'>supra</span> <span class='ocrx_word' id='word_1_440' title='bbox 2504 4717 2555 4770; x_wconf 91' lang='lat' dir='ltr'>p.</span> <span class='ocrx_word' id='word_1_441' title='bbox 2595 4700 2680 4754; x_wconf 87' lang='lat'>59.</span> <span class='ocrx_word' id='word_1_442' title='bbox 2718 4703 2830 4755; x_wconf 89' lang='lat' dir='ltr'>not.</span> <span class='ocrx_word' id='word_1_443' title='bbox 2871 4703 2923 4756; x_wconf 88' lang='lat'>6.</span> <span class='ocrx_word' id='word_1_444' title='bbox 2969 4701 2973 4705; x_wconf 16' lang='grc' dir='ltr'><strong>Α</strong></span> 
     </span>
    </p>
   </div>
  </div>
 </body>
</html>
