3355 5328
398 349 467 405 70
1287 347 1426 401 Pars
1463 347 1502 401 Ι.
1555 347 1847 401 Decretum
1885 345 2147 402 Gratiani.

408 488 417 497 o

394 511 536 573 tum
583 511 704 574 est.
767 507 936 573 Tum
980 509 1165 592 Papa
1197 510 1545 593 Greyorias
1575 508 1773 574 XIII.
1822 507 2062 574 litteris
2108 507 2451 573 brevibus:
2504 509 2711 588 Quam
2745 528 2871 591 pro
2918 529 3047 571 mu·

395 628 545 671 nere
578 609 930 691 pastorali,
994 607 1053 672 d.
1104 607 1163 672 d.
1219 609 1275 672 1.
1324 606 1368 672 J
1371 605 1485 671 ulii
1536 607 1707 671 1580
1727 656 1741 684 ,
1803 609 2064 673 textum
2108 605 2374 671 Decreti
2395 655 2411 685 ,
2477 626 2518 670 a
2564 603 3049 670 Correctoribus

397 703 787 769 adornatum
815 703 858 782 ¹,
908 704 1319 788 approbavit,
1352 703 1450 771 ita
1480 708 1554 770 ut
1586 724 1736 769 eum
1765 703 2093 769 ullatenus
2123 706 2382 768 mutare
2412 701 2656 768 nemini
2684 703 2935 780 liceret,
2984 705 3048 767 et

395 800 662 884 insuper
690 802 938 885 Populo
969 802 1287 879 Romano,
1336 801 1404 865 in
1451 802 1633 885 cujus
1682 801 1942 866 officina
1972 800 2454 885 typographica
2498 800 2673 865 idem
2695 802 3049 867 Decretum

395 899 897 983 imprimendum
929 902 1095 978 erat,
1143 898 1559 983 privilegium
1592 898 1933 977 concessit,
1981 898 2049 962 vi
2082 900 2265 982 cujus
2304 898 2482 965 intra
2527 898 2897 983 proximum
2944 898 3050 963 de-

399 997 697 1062 cennium
743 996 901 1062 nulli
949 997 1061 1063 alii
1105 997 1523 1080 typographo
1571 997 1819 1078 absque
1863 996 2291 1080 permissione
2339 997 2629 1081 ejusdem
2660 996 2893 1081 Populi
2921 996 3049 1062 Ro-

398 1094 574 1160 mani
620 1095 729 1160 vel
777 1095 918 1178 ejus
966 1094 1432 1178 deputatorum
1476 1093 1658 1159 illam
1703 1093 2199 1178 impressionem
2246 1094 2578 1179 suscipere
2622 1093 2873 1160 liceret.

576 1202 973 1285 Impressum
1021 1205 1243 1267 autem
1289 1202 1643 1266 Decretum
1690 1220 1822 1266 una
1868 1221 2016 1265 cum
2062 1201 2285 1283 glossa
2331 1204 2435 1266 est
2464 1201 2716 1266 Romae
2761 1201 2831 1264 in
2878 1200 3051 1266 aedi-

401 1301 519 1365 bus
565 1299 797 1383 Populi
843 1299 1122 1364 Romani
1170 1320 1228 1365 a.
1283 1299 1453 1364 1582
1501 1320 1631 1364 uno
1679 1302 1858 1365 tomo
1905 1299 1973 1363 in
2017 1298 2130 1365 fol.
2180 1299 2301 1364 sub
2360 1298 2589 1366 titulo:
2670 1300 3053 1377 „Decretum

402 1398 700 1464 Gratiani
766 1398 1184 1463 emendatum
1248 1401 1317 1463 et
1385 1396 1833 1463 notationibus
1901 1396 2303 1462 illustratum
2376 1418 2508 1462 una
2580 1418 2727 1462 011111
2800 1396 3051 1478 glossis,

403 1495 704 1578 Gregorii
748 1496 923 1561 XIII.
973 1496 1044 1561 P.
1093 1495 1180 1561 M.
1241 1496 1429 1578 jussu
1490 1494 1795 1560 editum.“
1896 1494 2077 1572 Quae
2136 1494 2336 1561 editio
2396 1495 2557 1561 item
2618 1494 2765 1560 aliis
2817 1494 3055 1560 litteris

397 1594 707 1659 brevibus
752 1593 1133 1678 pontificiis:
1182 1594 1708 1659 Emendationem
1751 1594 2183 1677 Deeretoram,
2235 1593 2293 1658 d.
2346 1592 2405 1658 d.
2448 1595 2508 1658 2.
2555 1593 2736 1659 Junii
2772 1593 2942 1656 1582
2991 1591 3057 1672 (a

398 1692 617 1758 fronte
664 1691 929 1757 Decreti
975 1691 1278 1757 collocari
1324 1690 1592 1773 solitis),
1643 1691 1856 1756 denuo
1916 1691 2282 1775 approbata
2328 1694 2433 1756 est
2477 1691 2575 1756 ita
2591 1740 2606 1769 ,
2677 1694 2753 1756 ut
2798 1694 3055 1756 textum

401 1790 667 1856 Decreti
712 1790 779 1855 in
825 1811 905 1855 ea
952 1789 1313 1855 exhibitum
1356 1793 1637 1868 mutare,
1688 1788 1931 1871 aliquid
1978 1788 2038 1854 ei
2085 1788 2326 1853 addere
2369 1789 2479 1854 vel
2511 1789 2772 1854 demere
2819 1787 3058 1852 nemini

403 1887 619 1954 liceat.
683 1889 867 1953 Haec
908 1887 1107 1953 editio
1139 1888 1406 1953 Decreti
1438 1886 1823 1971 simpliciter
1855 1886 2092 1952 dicitur
2137 1885 2336 1951 editio
2368 1886 2635 1953 Decreti
2681 1875 3060 1952 authentica
3166 1918 3177 1930 ·

404 1987 720 2051 Romana.
815 1985 995 2063 Quae
1042 1985 1242 2051 editio
1261 2036 1276 2064 ,
1333 2006 1503 2050 nunc
1546 1985 1744 2050 valde
1765 2052 1768 2055 ,
1788 2005 1942 2050 rara
1960 2034 1975 2063 ,
2022 1984 2306 2050 habetur
2349 1984 2417 2048 in
2464 2004 2517 2050 c.
2566 2005 2619 2049 r.
2668 1982 3063 2048 bibliotheca

402 2083 695 2168 palatina
740 2083 1249 2150 Vindobonensi.

582 2191 766 2268 Quod
811 2193 1168 2256 litterarum
1214 2192 1609 2255 characteres
1653 2188 1847 2272 hujus
1894 2188 2198 2254 editionis
2246 2188 2519 2266 attinet,
2583 2154 2729 2253 aliis
2776 2187 3062 2252 auctori-

403 2292 581 2355 tates
637 2311 677 2355 a
725 2289 1041 2354 Gratiano
1088 2288 1156 2352 in
1201 2289 1556 2353 Decretum
1601 2287 1855 2353 relatae
1874 2336 1889 2365 ,
1953 2287 2098 2352 aliis
2143 2287 2384 2352 Paleae
2401 2337 2416 2365 ,
2480 2285 2624 2352 aliis
2672 2286 2848 2351 dicta
2897 2285 3062 2351 Gra-

404 2387 569 2453 tiani
617 2391 685 2452 et
732 2386 877 2452 aliis
923 2385 1298 2452 notationes
1345 2385 1803 2451 Correctorum
1848 2384 2294 2449 Romanorum
2343 2384 2737 2450 exhibentur
2762 2380 2806 2450 ².

581 2494 658 2558 In
716 2493 1018 2577 praefato
1076 2493 1263 2557 brevi
1306 2493 1527 2576 Papae
1566 2493 1863 2577 Greqorii
1907 2492 2140 2558 XHI.:
2202 2493 2410 2573 Quum
2457 2513 2584 2576 pro
2643 2512 2904 2556 munere
2940 2511 3060 2575 pa·

406 2595 628 2658 storali
645 2644 663 2675 ,
728 2591 991 2658 videtur
1037 2590 1295 2673 quidem
1339 2590 1521 2654 innui
1543 2640 1557 2669 ‚
1621 2611 1700 2654 ac
1759 2589 1817 2654 si
1874 2588 2047 2654 idem
2096 2589 2397 2655 Summus
2441 2588 2750 2654 Pontifex
2795 2590 3066 2673 praeter

406 2712 605 2775 supra
665 2690 907 2756 dictam
923 2739 939 2768 ,
996 2691 1339 2776 ylossatam
1351 2740 1370 2773 ,
1438 2689 1649 2754 adhuc
1709 2688 1936 2767 aliam,
2007 2690 2239 2774 absque
2288 2690 2499 2774 ylossa
2515 2739 2536 2772 ,
2597 2686 2867 2752 Decreti
2926 2685 3063 2751 edi-

405 2789 652 2855 tionem
700 2810 740 2854 a
787 2788 978 2853 dictis
1026 2787 1515 2852 Correctoribus
1562 2786 1779 2852 curari
1821 2785 2126 2852 voluerit.
2220 2786 2467 2851 Verum
2511 2783 2884 2868 hujusmodi
2929 2783 3062 2848 edi-

405 2887 604 2954 tionis
648 2886 915 2952 Decreti
930 2903 947 2964 ’,
1010 2886 1222 2950 solum
1269 2886 1408 2969 ejus
1453 2889 1715 2951 textum
1761 2883 2133 2950 exhibentis
2151 2934 2166 2963 ,
2234 2904 2402 2966 quae
2449 2883 2677 2948 eadem
2697 2933 2711 2961 ,
2762 2903 2839 2947 ac
2884 2880 3065 2966 prior

405 2985 539 3063 illa,
589 2984 985 3051 auctoritate
1024 2983 1243 3067 Papae
1292 2982 1594 3064 Gregorii
1625 2982 1801 3049 XIII.
1852 2983 2102 3047 Romae
2148 2980 2494 3066 prodierit,
2543 2981 2792 3045 nullum
2839 2983 3066 3045 exstat

407 3083 779 3165 vestigium.
844 3082 1034 3148 Unde
1080 3081 1345 3147 videtur
1389 3082 1572 3165 Papa
1620 3079 1976 3162 Gregorius
2007 3080 2183 3145 XHI.
2234 3079 2316 3145 ab
2359 3077 2729 3162 hujusmodi
2776 3077 3064 3154 consili0,

408 3183 465 3248 si
513 3181 683 3264 quod
729 3180 1031 3265 primitus
1078 3183 1346 3263 ceperat
1365 3230 1380 3258 ,
1443 3179 1718 3245 decursu
1764 3177 2082 3263 temporis
2129 3178 2211 3244 ob
2258 3177 2545 3259 aliquam
2591 3197 2865 3260 gravem
2914 3197 3065 3241 cau-

409 3301 552 3346 sam
599 3280 950 3345 recessisse
973 3277 1017 3344 ³.

593 3466 606 3494 ¹
647 3463 769 3516 Una
795 3479 918 3515 cum
941 3463 1101 3514 textu
1119 3460 1452 3527 reliquarum
1471 3458 1711 3527 partium
1731 3457 1982 3528 Corporis
1997 3456 2137 3527 juris
2157 3456 2410 3520 canonici,
2436 3457 2641 3526 pariter
2654 3457 2723 3511 ab
2740 3457 2809 3511 iis
2827 3475 3064 3511 recenso.

588 3546 609 3579 ²
646 3542 696 3595 A
731 3542 909 3595 fronte
960 3540 1124 3611 hujus
1175 3538 1427 3594 editionis
1482 3541 1607 3608 post
1654 3538 1879 3592 titulum
1929 3537 2242 3591 referuntur
2285 3536 2457 3606 primo
2508 3555 2675 3607 supra
2709 3541 3067 3591 memoratum

410 3625 574 3677 breve
623 3622 806 3692 Papae
863 3624 1117 3688 Greymi
1161 3622 1326 3673 XIII.
1341 3639 1360 3672 .·
1428 3621 1602 3685 Quum
1641 3635 1754 3688 pro
1802 3636 2022 3671 munere
2061 3619 2337 3686 pastorali
2353 3637 2376 3683 ;
2425 3621 2543 3671 tum
2595 3618 2699 3671 (1110
2744 3622 3068 3688 conspectus

410 3703 628 3758 Decreti
646 3745 658 3767 ,
696 3703 836 3773 alter
871 3701 1117 3771 prosaico
1131 3742 1148 3770 ,
1200 3699 1341 3754 alter
1377 3698 1601 3752 metrico
1639 3716 1886 3752 sermone
1924 3699 2241 3761 adornatus;
2293 3714 2451 3766 porro
2488 3697 2654 3751 index
2690 3696 3067 3767 alphabeticus

411 3784 648 3838 omnium
686 3799 952 3836 canonum
976 3780 1196 3835 Decreti
1234 3783 1291 3834 et
1326 3779 1468 3833 alius
1494 3777 1872 3849 alphabeticus
1897 3778 2063 3832 index
2087 3795 2270 3831 rerum
2294 3776 2628 3842 notabilium,
2667 3795 2807 3846 quae
2830 3781 3068 3831 tractan-

410 3869 503 3919 tur
539 3863 597 3916 in
635 3861 835 3929 glossis
873 3865 931 3915 et
965 3859 1334 3915 notationibus
1375 3858 1623 3923 Decreti3
1662 3858 2001 3926 consignatio
2037 3875 2279 3911 errorum
2315 3857 2453 3927 typi,
2492 3875 2523 3911 a
2559 3858 2762 3912 lectore
2800 3858 3067 3925 corrigen-

413 3946 628 4007 dorum3
678 3942 1051 3996 Correctorum
1089 3939 1313 3994 monitio
1351 3940 1421 3993 ad
1457 3940 1716 3993 lectorem
1760 3938 1915 4007 („Ea,
1954 3939 2021 3993 de
2058 3937 2256 4007 quibus
2292 3938 2550 3991 lectorem
2586 3937 2851 4007 principio
2889 3937 3069 3991 visum

413 4029 498 4079 est
535 4020 915 4090 admonere“);
954 4021 1120 4074 index
1143 4020 1421 4084 librorum,
1459 4019 1553 4088 qui
1578 4038 1674 4089 pro
1696 4019 1937 4089 juvando
1976 4017 2370 4072 emendationis
2405 4018 2623 4085 negotio
2662 4036 2691 4071 e
2727 4017 2900 4071 variis
2936 4016 3070 4071 locis

412 4109 570 4159 extra
606 4104 835 4157 Romam
871 4105 1000 4155 sunt
1037 4100 1268 4164 obtenti,
1307 4102 1364 4154 et
1399 4101 1621 4153 tandem
1659 4100 1843 4169 Papae
1887 4101 2140 4166 Greyorii
2174 4100 2338 4151 XIII.
2379 4097 2574 4152 breve:
2625 4099 3071 4152 Emendationem

412 4189 776 4252 Decretorum,
814 4182 947 4236 item
983 4198 1149 4251 supra
1185 4180 1430 4234 citatum,

595 4265 926 4333 Appendieis
960 4261 1136 4315 instar
1185 4260 1312 4314 huic
1364 4259 1585 4314 editioni
1621 4259 1842 4313 Decreti
1893 4258 2292 4329 adjunguntur:
2345 4257 2591 4312 Canones
2627 4257 3070 4327 poenitentiales;

412 4347 492 4401 sic
530 4344 661 4399 dicti
700 4344 946 4398 Canones
982 4341 1396 4412 Apostolorum,
1449 4358 1519 4394 ex
1556 4339 1807 4393 versione
1852 4341 2105 4407 Greyorii
2148 4340 2467 4392 Haloandri
2508 4338 2825 4406 (Hofmann)
2848 4379 2864 4406 ,
2908 4337 3071 4409 juris·

414 4425 647 4481 consulti
686 4422 960 4488 Germani,
997 4423 1030 4487 †
1071 4421 1204 4476 1531
1253 4421 1491 4489 (Jacher,
1528 4420 1765 4488 Allgem.
1806 4418 2394 4483 Gelehrten-Lexikon,
2440 4421 2569 4472 tom.
2608 4418 2677 4472 II.
2715 4419 2815 4472 col.
2859 4417 3070 4484 1336.);

413 4507 578 4561 index
628 4503 981 4559 materiarum
1022 4500 1269 4565 Decreti,
1326 4518 1359 4554 a
1397 4503 1641 4554 Martino
1656 4541 1672 4569 ,
1731 4500 1793 4555 Ο.
1833 4500 1886 4554 S.
1924 4500 1987 4553 D.
2008 4542 2021 4564 ,
2059 4500 2243 4569 Papae
2280 4497 2723 4568 poenitentiario,
2776 4498 2953 4553 serius
2989 4515 3070 4551 ar·

415 4586 754 4656 chiepiscopo
793 4581 1098 4638 Gnesnensi
1148 4579 1423 4634 nominato
1467 4582 1521 4649 (†
1563 4580 1764 4648 1278),
1822 4582 2081 4634 exaratus
2133 4582 2190 4632 et
2226 4578 2584 4633 communiter
2627 4580 2835 4632 Tabula
2875 4581 3072 4632 Marti·

416 4670 588 4720 niana
613 4666 808 4729 dictus,
847 4666 1013 4732 atque
1037 4661 1395 4732 repertorium
1428 4660 1724 4715 dictionum
1748 4658 2085 4724 notabilium,
2126 4675 2265 4727 quae
2289 4657 2347 4712 in
2370 4658 2476 4713 hac
2499 4659 2687 4713 tabula
2712 4658 3069 4713 continentur.

596 4748 616 4781 ³
652 4747 889 4813 Richter,
926 4744 1006 4797 De
1044 4741 1482 4796 emendatoribus
1520 4740 1785 4805 Gratiani,
1822 4757 1873 4809 p.
1911 4739 1999 4794 48.
