<?xml version="1.0" encoding="UTF-8"?>
<!DOCTYPE html PUBLIC "-//W3C//DTD XHTML 1.0 Transitional//EN"
    "http://www.w3.org/TR/xhtml1/DTD/xhtml1-transitional.dtd">
<html xmlns="http://www.w3.org/1999/xhtml" xml:lang="en" lang="en">
 <head>
  <title>
</title>
<meta http-equiv="Content-Type" content="text/html;charset=utf-8" />
  <meta name='ocr-system' content='tesseract 3.04.00' />
  <meta name='ocr-capabilities' content='ocr_page ocr_carea ocr_par ocr_line ocrx_word'/>
</head>
<body>
  <div class='ocr_page' id='page_1' title='image "./introductioinco00laurgoog_0088.png"; bbox 0 0 3355 5328; ppageno 0'>
   <div class='ocr_carea' id='block_1_1' title="bbox 381 296 2144 353">
    <p class='ocr_par' dir='ltr' id='par_1_1' title="bbox 381 296 2144 353">
     <span class='ocr_line' id='line_1_1' title="bbox 381 296 2144 353; baseline 0.001 -4"><span class='ocrx_word' id='word_1_1' title='bbox 381 296 453 350; x_wconf 86' lang='lat'>64</span> <span class='ocrx_word' id='word_1_2' title='bbox 1274 298 1411 352; x_wconf 87' lang='lat' dir='ltr'>Pars</span> <span class='ocrx_word' id='word_1_3' title='bbox 1448 299 1489 351; x_wconf 96' lang='grc' dir='ltr'>Ι.</span> <span class='ocrx_word' id='word_1_4' title='bbox 1547 297 1840 352; x_wconf 75' lang='lat' dir='ltr'><strong>Decretum</strong></span> <span class='ocrx_word' id='word_1_5' title='bbox 1878 298 2144 353; x_wconf 84' lang='lat' dir='ltr'>Gratiani.</span> 
     </span>
    </p>
   </div>
   <div class='ocr_carea' id='block_1_2' title="bbox 369 455 3041 1226">
    <p class='ocr_par' dir='ltr' id='par_1_2' title="bbox 369 455 3038 641">
     <span class='ocr_line' id='line_1_2' title="bbox 369 455 3038 545; baseline 0.002 -25"><span class='ocrx_word' id='word_1_6' title='bbox 369 455 538 540; x_wconf 88' lang='lat' dir='ltr'>juris</span> <span class='ocrx_word' id='word_1_7' title='bbox 584 456 1016 522; x_wconf 87' lang='lat' dir='ltr'>ecclesiastici</span> <span class='ocrx_word' id='word_1_8' title='bbox 1056 457 1293 536; x_wconf 91' lang='lat' dir='ltr'>studio,</span> <span class='ocrx_word' id='word_1_9' title='bbox 1342 462 1484 524; x_wconf 90' lang='lat' dir='ltr'>tum</span> <span class='ocrx_word' id='word_1_10' title='bbox 1530 480 1649 542; x_wconf 92' lang='lat' dir='ltr'>pro</span> <span class='ocrx_word' id='word_1_11' title='bbox 1698 459 2144 526; x_wconf 89' lang='lat' dir='ltr'>ecclesiastica</span> <span class='ocrx_word' id='word_1_12' title='bbox 2189 461 2379 544; x_wconf 84' lang='lat' dir='ltr'>praxi</span> <span class='ocrx_word' id='word_1_13' title='bbox 2427 460 2672 526; x_wconf 90' lang='lat' dir='ltr'>forensi</span> <span class='ocrx_word' id='word_1_14' title='bbox 2719 464 3038 545; x_wconf 93' lang='lat' dir='ltr'>opportu-</span> 
     </span>
     <span class='ocr_line' id='line_1_3' title="bbox 374 555 2316 641; baseline 0.003 -23"><span class='ocrx_word' id='word_1_15' title='bbox 374 575 531 619; x_wconf 90' lang='lat' dir='ltr'>num</span> <span class='ocrx_word' id='word_1_16' title='bbox 578 575 656 619; x_wconf 88' lang='lat' dir='ltr'>ac</span> <span class='ocrx_word' id='word_1_17' title='bbox 701 558 920 620; x_wconf 92' lang='lat' dir='ltr'>tutum</span> <span class='ocrx_word' id='word_1_18' title='bbox 967 555 1324 621; x_wconf 82' lang='lat' dir='ltr'>subsidium</span> <span class='ocrx_word' id='word_1_19' title='bbox 1369 556 1767 622; x_wconf 89' lang='lat' dir='ltr'>litterarium</span> <span class='ocrx_word' id='word_1_20' title='bbox 1813 562 2245 641; x_wconf 76' lang='lat' dir='ltr'>procurarent</span> <span class='ocrx_word' id='word_1_21' title='bbox 2277 558 2316 623; x_wconf 84' lang='lat'>¹.</span> 
     </span>
    </p>

    <p class='ocr_par' dir='ltr' id='par_1_3' title="bbox 372 651 3041 1226">
     <span class='ocr_line' id='line_1_4' title="bbox 554 651 3037 740; baseline 0.001 -23"><span class='ocrx_word' id='word_1_22' title='bbox 554 651 760 728; x_wconf 82' lang='lat' dir='ltr'>Quem</span> <span class='ocrx_word' id='word_1_23' title='bbox 792 652 1051 735; x_wconf 91' lang='lat' dir='ltr'>quidem</span> <span class='ocrx_word' id='word_1_24' title='bbox 1088 655 1285 718; x_wconf 90' lang='lat' dir='ltr'>finem</span> <span class='ocrx_word' id='word_1_25' title='bbox 1318 653 1579 719; x_wconf 90' lang='lat' dir='ltr'>omnino</span> <span class='ocrx_word' id='word_1_26' title='bbox 1611 655 1936 738; x_wconf 77' lang='lat' dir='ltr'><strong>probabit,</strong></span> <span class='ocrx_word' id='word_1_27' title='bbox 1987 655 2352 739; x_wconf 83' lang='lat' dir='ltr'>quicunque</span> <span class='ocrx_word' id='word_1_28' title='bbox 2383 656 2821 740; x_wconf 91' lang='lat' dir='ltr'>perpenderit,</span> <span class='ocrx_word' id='word_1_29' title='bbox 2873 657 3037 720; x_wconf 88' lang='lat' dir='ltr'>effa-</span> 
     </span>
     <span class='ocr_line' id='line_1_5' title="bbox 374 749 3040 831; baseline 0.002 -17"><span class='ocrx_word' id='word_1_30' title='bbox 374 752 594 814; x_wconf 90' lang='lat' dir='ltr'>torum</span> <span class='ocrx_word' id='word_1_31' title='bbox 614 800 628 827; x_wconf 93' lang='lat'>,</span> <span class='ocrx_word' id='word_1_32' title='bbox 697 771 737 815; x_wconf 89' lang='lat' dir='ltr'>a</span> <span class='ocrx_word' id='word_1_33' title='bbox 786 749 1101 816; x_wconf 82' lang='lat' dir='ltr'>Gratiano</span> <span class='ocrx_word' id='word_1_34' title='bbox 1161 752 1227 816; x_wconf 92' lang='lat' dir='ltr'>in</span> <span class='ocrx_word' id='word_1_35' title='bbox 1274 753 1557 818; x_wconf 92' lang='lat' dir='ltr'>Decreto</span> <span class='ocrx_word' id='word_1_36' title='bbox 1618 753 2051 819; x_wconf 86' lang='lat' dir='ltr'>adductorum</span> <span class='ocrx_word' id='word_1_37' title='bbox 2069 804 2083 831; x_wconf 94' lang='lat'><strong><em>‚</em></strong></span> <span class='ocrx_word' id='word_1_38' title='bbox 2151 754 2287 818; x_wconf 90' lang='lat' dir='ltr'>vim</span> <span class='ocrx_word' id='word_1_39' title='bbox 2348 758 2417 819; x_wconf 90' lang='lat' dir='ltr'>et</span> <span class='ocrx_word' id='word_1_40' title='bbox 2461 755 2756 819; x_wconf 89' lang='lat' dir='ltr'>valorem</span> <span class='ocrx_word' id='word_1_41' title='bbox 2813 775 2947 819; x_wconf 91' lang='lat' dir='ltr'>non</span> <span class='ocrx_word' id='word_1_42' title='bbox 2994 775 3040 818; x_wconf 87' lang='lat' dir='ltr'>a</span> 
     </span>
     <span class='ocr_line' id='line_1_6' title="bbox 374 846 3041 935; baseline 0.002 -23"><span class='ocrx_word' id='word_1_43' title='bbox 374 846 709 925; x_wconf 74' lang='lat' dir='ltr'>Gratiam,</span> <span class='ocrx_word' id='word_1_44' title='bbox 758 849 873 912; x_wconf 91' lang='lat' dir='ltr'>sed</span> <span class='ocrx_word' id='word_1_45' title='bbox 920 850 1002 914; x_wconf 90' lang='lat' dir='ltr'>ab</span> <span class='ocrx_word' id='word_1_46' title='bbox 1050 869 1275 914; x_wconf 92' lang='lat' dir='ltr'>eorum</span> <span class='ocrx_word' id='word_1_47' title='bbox 1318 849 1695 916; x_wconf 87' lang='lat' dir='ltr'>auctoribus</span> <span class='ocrx_word' id='word_1_48' title='bbox 1741 851 2108 935; x_wconf 89' lang='lat' dir='ltr'>provenire,</span> <span class='ocrx_word' id='word_1_49' title='bbox 2159 856 2227 918; x_wconf 90' lang='lat' dir='ltr'>et</span> <span class='ocrx_word' id='word_1_50' title='bbox 2272 852 2424 917; x_wconf 86' lang='lat' dir='ltr'>hinc</span> <span class='ocrx_word' id='word_1_51' title='bbox 2468 852 2565 917; x_wconf 91' lang='lat' dir='ltr'>rei</span> <span class='ocrx_word' id='word_1_52' title='bbox 2597 873 2918 917; x_wconf 89' lang='lat' dir='ltr'>summam</span> <span class='ocrx_word' id='word_1_53' title='bbox 2967 856 3041 918; x_wconf 92' lang='lat' dir='ltr'>et</span> 
     </span>
     <span class='ocr_line' id='line_1_7' title="bbox 375 945 3041 1034; baseline 0.002 -25"><span class='ocrx_word' id='word_1_54' title='bbox 375 966 564 1010; x_wconf 91' lang='lat' dir='ltr'>usum</span> <span class='ocrx_word' id='word_1_55' title='bbox 610 945 877 1011; x_wconf 92' lang='lat' dir='ltr'>Decreti</span> <span class='ocrx_word' id='word_1_56' title='bbox 923 945 1253 1013; x_wconf 90' lang='lat' dir='ltr'>forensem</span> <span class='ocrx_word' id='word_1_57' title='bbox 1298 948 1423 1012; x_wconf 91' lang='lat' dir='ltr'>hoc</span> <span class='ocrx_word' id='word_1_58' title='bbox 1468 952 1773 1032; x_wconf 89' lang='lat' dir='ltr'>respectu</span> <span class='ocrx_word' id='word_1_59' title='bbox 1818 969 2232 1032; x_wconf 86' lang='lat' dir='ltr'>nequaquam</span> <span class='ocrx_word' id='word_1_60' title='bbox 2281 951 2364 1015; x_wconf 89' lang='lat' dir='ltr'>ab</span> <span class='ocrx_word' id='word_1_61' title='bbox 2412 970 2489 1015; x_wconf 94' lang='lat' dir='ltr'>eo</span> <span class='ocrx_word' id='word_1_62' title='bbox 2536 951 2854 1034; x_wconf 89' lang='lat' dir='ltr'>pendere,</span> <span class='ocrx_word' id='word_1_63' title='bbox 2905 971 3041 1032; x_wconf 88' lang='lat' dir='ltr'>qua</span> 
     </span>
     <span class='ocr_line' id='line_1_8' title="bbox 372 1041 3040 1130; baseline 0.002 -24"><span class='ocrx_word' id='word_1_64' title='bbox 372 1041 589 1108; x_wconf 85' lang='lat' dir='ltr'>forma</span> <span class='ocrx_word' id='word_1_65' title='bbox 634 1043 748 1108; x_wconf 87' lang='lat' dir='ltr'>illa</span> <span class='ocrx_word' id='word_1_66' title='bbox 795 1045 995 1109; x_wconf 87' lang='lat' dir='ltr'>effata</span> <span class='ocrx_word' id='word_1_67' title='bbox 1043 1066 1083 1109; x_wconf 90' lang='lat' dir='ltr'>a</span> <span class='ocrx_word' id='word_1_68' title='bbox 1131 1045 1448 1119; x_wconf 76' lang='lat' dir='ltr'>Gratiano</span> <span class='ocrx_word' id='word_1_69' title='bbox 1496 1046 1782 1112; x_wconf 89' lang='lat' dir='ltr'>adducta</span> <span class='ocrx_word' id='word_1_70' title='bbox 1828 1047 1961 1114; x_wconf 88' lang='lat' dir='ltr'>sint</span> <span class='ocrx_word' id='word_1_71' title='bbox 1979 1098 1993 1125; x_wconf 94' lang='lat'><strong><em>‚</em></strong></span> <span class='ocrx_word' id='word_1_72' title='bbox 2045 1047 2162 1113; x_wconf 91' lang='lat' dir='ltr'>sed</span> <span class='ocrx_word' id='word_1_73' title='bbox 2209 1068 2340 1130; x_wconf 90' lang='lat' dir='ltr'>qua</span> <span class='ocrx_word' id='word_1_74' title='bbox 2386 1068 2427 1113; x_wconf 91' lang='lat' dir='ltr'>a</span> <span class='ocrx_word' id='word_1_75' title='bbox 2473 1048 2608 1113; x_wconf 93' lang='lat' dir='ltr'>suis</span> <span class='ocrx_word' id='word_1_76' title='bbox 2655 1047 3040 1113; x_wconf 91' lang='lat' dir='ltr'>auctoribus</span> 
     </span>
     <span class='ocr_line' id='line_1_9' title="bbox 373 1140 1488 1226; baseline 0.003 -20"><span class='ocrx_word' id='word_1_77' title='bbox 373 1140 818 1223; x_wconf 88' lang='lat' dir='ltr'>originetenus</span> <span class='ocrx_word' id='word_1_78' title='bbox 864 1143 1127 1226; x_wconf 88' lang='lat' dir='ltr'>prolata</span> <span class='ocrx_word' id='word_1_79' title='bbox 1172 1142 1419 1209; x_wconf 80' lang='lat' dir='ltr'>fuerint</span> <span class='ocrx_word' id='word_1_80' title='bbox 1444 1143 1488 1210; x_wconf 79' lang='lat'>².</span> 
     </span>
    </p>
   </div>
   <div class='ocr_carea' id='block_1_3' title="bbox 451 1347 2957 1529">
    <p class='ocr_par' dir='ltr' id='par_1_4' title="bbox 451 1347 2957 1529">
     <span class='ocr_line' id='line_1_10' title="bbox 451 1347 2957 1439; baseline 0.001 -21"><span class='ocrx_word' id='word_1_81' title='bbox 451 1350 492 1436; x_wconf 66' lang='grc' dir='ltr'>ξ</span> <span class='ocrx_word' id='word_1_82' title='bbox 538 1347 634 1418; x_wconf 90' lang='grc'>41.</span> <span class='ocrx_word' id='word_1_83' title='bbox 726 1351 1022 1435; x_wconf 87' lang='lat' dir='ltr'>Normae,</span> <span class='ocrx_word' id='word_1_84' title='bbox 1071 1372 1233 1439; x_wconf 87' lang='lat' dir='ltr'>quas</span> <span class='ocrx_word' id='word_1_85' title='bbox 1282 1353 1701 1421; x_wconf 82' lang='lat' dir='ltr'>Gorrectores</span> <span class='ocrx_word' id='word_1_86' title='bbox 1748 1354 2024 1421; x_wconf 88' lang='lat' dir='ltr'>Romani</span> <span class='ocrx_word' id='word_1_87' title='bbox 2070 1355 2139 1420; x_wconf 88' lang='lat' dir='ltr'>in</span> <span class='ocrx_word' id='word_1_88' title='bbox 2188 1354 2452 1422; x_wconf 85' lang='lat' dir='ltr'>Decreti</span> <span class='ocrx_word' id='word_1_89' title='bbox 2501 1353 2957 1421; x_wconf 81' lang='lat' dir='ltr'>emendatione</span> 
     </span>
     <span class='ocr_line' id='line_1_11' title="bbox 1484 1462 1918 1529; baseline -0.002 -1"><span class='ocrx_word' id='word_1_90' title='bbox 1484 1462 1698 1529; x_wconf 85' lang='lat' dir='ltr'>secuti</span> <span class='ocrx_word' id='word_1_91' title='bbox 1744 1462 1918 1528; x_wconf 88' lang='lat' dir='ltr'>sunt.</span> 
     </span>
    </p>
   </div>
   <div class='ocr_carea' id='block_1_4' title="bbox 369 1617 3039 1989">
    <p class='ocr_par' dir='ltr' id='par_1_5' title="bbox 369 1617 3039 1989">
     <span class='ocr_line' id='line_1_12' title="bbox 550 1617 3039 1701; baseline 0.002 -19"><span class='ocrx_word' id='word_1_92' title='bbox 550 1617 842 1683; x_wconf 89' lang='lat' dir='ltr'>Normae</span> <span class='ocrx_word' id='word_1_93' title='bbox 864 1669 878 1696; x_wconf 91' lang='lat'>,</span> <span class='ocrx_word' id='word_1_94' title='bbox 943 1640 1106 1701; x_wconf 89' lang='lat' dir='ltr'>quas</span> <span class='ocrx_word' id='word_1_95' title='bbox 1153 1619 1568 1685; x_wconf 86' lang='lat' dir='ltr'>Correctores</span> <span class='ocrx_word' id='word_1_96' title='bbox 1614 1621 1894 1687; x_wconf 85' lang='lat' dir='ltr'>Romani</span> <span class='ocrx_word' id='word_1_97' title='bbox 1953 1621 2021 1685; x_wconf 92' lang='lat' dir='ltr'>in</span> <span class='ocrx_word' id='word_1_98' title='bbox 2069 1621 2524 1688; x_wconf 77' lang='lat' dir='ltr'>emendatione</span> <span class='ocrx_word' id='word_1_99' title='bbox 2583 1623 2849 1689; x_wconf 90' lang='lat' dir='ltr'>Decreti</span> <span class='ocrx_word' id='word_1_100' title='bbox 2909 1625 3039 1689; x_wconf 93' lang='lat' dir='ltr'>sibi</span> 
     </span>
     <span class='ocr_line' id='line_1_13' title="bbox 373 1716 3038 1806; baseline 0.003 -27"><span class='ocrx_word' id='word_1_101' title='bbox 373 1716 738 1798; x_wconf 90' lang='lat' dir='ltr'>sequendas</span> <span class='ocrx_word' id='word_1_102' title='bbox 782 1720 1178 1794; x_wconf 89' lang='lat' dir='ltr'>statuerunt,</span> <span class='ocrx_word' id='word_1_103' title='bbox 1228 1721 1400 1796; x_wconf 91' lang='lat' dir='ltr'>sunt,</span> <span class='ocrx_word' id='word_1_104' title='bbox 1452 1718 1550 1784; x_wconf 90' lang='lat' dir='ltr'>uti</span> <span class='ocrx_word' id='word_1_105' title='bbox 1581 1718 1792 1784; x_wconf 77' lang='lat' dir='ltr'>refert</span> <span class='ocrx_word' id='word_1_106' title='bbox 1838 1720 2179 1801; x_wconf 90' lang='lat' dir='ltr'>antiquum</span> <span class='ocrx_word' id='word_1_107' title='bbox 2227 1720 2710 1799; x_wconf 82' lang='lat' dir='ltr'>documentum,</span> <span class='ocrx_word' id='word_1_108' title='bbox 2756 1721 3038 1806; x_wconf 90' lang='lat' dir='ltr'>inscrip-</span> 
     </span>
     <span class='ocr_line' id='line_1_14' title="bbox 369 1814 3036 1895; baseline 0.003 -17"><span class='ocrx_word' id='word_1_109' title='bbox 369 1816 553 1878; x_wconf 92' lang='lat' dir='ltr'>tum:</span> <span class='ocrx_word' id='word_1_110' title='bbox 612 1814 857 1895; x_wconf 82' lang='lat' dir='ltr'>„Leges</span> <span class='ocrx_word' id='word_1_111' title='bbox 905 1815 1302 1881; x_wconf 79' lang='lat' dir='ltr'>constitutae</span> <span class='ocrx_word' id='word_1_112' title='bbox 1350 1819 1417 1881; x_wconf 90' lang='lat' dir='ltr'>et</span> <span class='ocrx_word' id='word_1_113' title='bbox 1448 1816 1843 1882; x_wconf 85' lang='lat' dir='ltr'>observatae</span> <span class='ocrx_word' id='word_1_114' title='bbox 1887 1817 1955 1881; x_wconf 97' lang='lat' dir='ltr'>in</span> <span class='ocrx_word' id='word_1_115' title='bbox 1988 1817 2403 1883; x_wconf 86' lang='lat' dir='ltr'>Correctione</span> <span class='ocrx_word' id='word_1_116' title='bbox 2433 1819 2699 1885; x_wconf 91' lang='lat' dir='ltr'>Decreti</span> <span class='ocrx_word' id='word_1_117' title='bbox 2747 1820 2826 1885; x_wconf 92' lang='lat' dir='ltr'>D.</span> <span class='ocrx_word' id='word_1_118' title='bbox 2864 1819 3036 1886; x_wconf 81' lang='lat' dir='ltr'>Gra-</span> 
     </span>
     <span class='ocr_line' id='line_1_15' title="bbox 371 1908 889 1989; baseline 0.004 -13"><span class='ocrx_word' id='word_1_119' title='bbox 371 1911 570 1976; x_wconf 86' lang='lat' dir='ltr'>tiani“</span> <span class='ocrx_word' id='word_1_120' title='bbox 606 1908 652 1989; x_wconf 79' lang='lat'>³,</span> <span class='ocrx_word' id='word_1_121' title='bbox 701 1913 889 1978; x_wconf 77' lang='lat' dir='ltr'>tales,</span> 
     </span>
    </p>
   </div>
   <div class='ocr_carea' id='block_1_5' title="bbox 366 2051 3038 4847">
    <p class='ocr_par' dir='ltr' id='par_1_6' title="bbox 366 2051 3038 4043">
     <span class='ocr_line' id='line_1_16' title="bbox 553 2051 3036 2125; baseline 0.002 -20"><span class='ocrx_word' id='word_1_122' title='bbox 553 2053 572 2086; x_wconf 88' lang='lat'><strong>¹</strong></span> <span class='ocrx_word' id='word_1_123' title='bbox 610 2051 672 2105; x_wconf 92' lang='lat' dir='ltr'>Id</span> <span class='ocrx_word' id='word_1_124' title='bbox 709 2052 889 2106; x_wconf 89' lang='lat' dir='ltr'>elucet</span> <span class='ocrx_word' id='word_1_125' title='bbox 923 2056 1041 2107; x_wconf 93' lang='lat' dir='ltr'>tum</span> <span class='ocrx_word' id='word_1_126' title='bbox 1079 2071 1109 2106; x_wconf 88' lang='lat' dir='ltr'>e</span> <span class='ocrx_word' id='word_1_127' title='bbox 1145 2053 1438 2107; x_wconf 89' lang='lat' dir='ltr'>monitione</span> <span class='ocrx_word' id='word_1_128' title='bbox 1479 2054 1771 2109; x_wconf 90' lang='lat' dir='ltr'>eorundem</span> <span class='ocrx_word' id='word_1_129' title='bbox 1799 2054 2174 2108; x_wconf 88' lang='lat' dir='ltr'>Correctorum</span> <span class='ocrx_word' id='word_1_130' title='bbox 2200 2055 2270 2108; x_wconf 90' lang='lat' dir='ltr'>ad</span> <span class='ocrx_word' id='word_1_131' title='bbox 2304 2055 2576 2120; x_wconf 91' lang='lat' dir='ltr'>lectorem,</span> <span class='ocrx_word' id='word_1_132' title='bbox 2617 2074 2756 2125; x_wconf 92' lang='lat' dir='ltr'>quae</span> <span class='ocrx_word' id='word_1_133' title='bbox 2793 2074 2826 2110; x_wconf 97' lang='lat' dir='ltr'>a</span> <span class='ocrx_word' id='word_1_134' title='bbox 2850 2058 3036 2111; x_wconf 85' lang='lat' dir='ltr'>fronte</span> 
     </span>
     <span class='ocr_line' id='line_1_17' title="bbox 372 2130 3037 2205; baseline 0.002 -20"><span class='ocrx_word' id='word_1_135' title='bbox 372 2130 592 2186; x_wconf 91' lang='lat' dir='ltr'>Decreti</span> <span class='ocrx_word' id='word_1_136' title='bbox 628 2131 860 2186; x_wconf 90' lang='lat' dir='ltr'>habetur</span> <span class='ocrx_word' id='word_1_137' title='bbox 895 2133 999 2186; x_wconf 87' lang='lat' dir='ltr'>sub</span> <span class='ocrx_word' id='word_1_138' title='bbox 1035 2132 1232 2188; x_wconf 87' lang='lat' dir='ltr'>titulo:</span> <span class='ocrx_word' id='word_1_139' title='bbox 1290 2133 1417 2199; x_wconf 87' lang='lat' dir='ltr'>„Ea,</span> <span class='ocrx_word' id='word_1_140' title='bbox 1457 2134 1522 2187; x_wconf 91' lang='lat' dir='ltr'>de</span> <span class='ocrx_word' id='word_1_141' title='bbox 1559 2133 1757 2203; x_wconf 90' lang='lat' dir='ltr'>quibus</span> <span class='ocrx_word' id='word_1_142' title='bbox 1793 2134 2053 2189; x_wconf 90' lang='lat' dir='ltr'>lectorem</span> <span class='ocrx_word' id='word_1_143' title='bbox 2088 2134 2351 2205; x_wconf 91' lang='lat' dir='ltr'>principio</span> <span class='ocrx_word' id='word_1_144' title='bbox 2388 2135 2569 2190; x_wconf 88' lang='lat' dir='ltr'>visum</span> <span class='ocrx_word' id='word_1_145' title='bbox 2606 2140 2693 2191; x_wconf 90' lang='lat' dir='ltr'>est</span> <span class='ocrx_word' id='word_1_146' title='bbox 2727 2138 3037 2201; x_wconf 89' lang='lat' dir='ltr'>admonere,</span> 
     </span>
     <span class='ocr_line' id='line_1_18' title="bbox 370 2210 3035 2285; baseline 0.003 -21"><span class='ocrx_word' id='word_1_147' title='bbox 370 2210 507 2265; x_wconf 88' lang='lat' dir='ltr'>haec</span> <span class='ocrx_word' id='word_1_148' title='bbox 543 2214 724 2276; x_wconf 89' lang='lat' dir='ltr'>sunt“‚</span> <span class='ocrx_word' id='word_1_149' title='bbox 761 2212 854 2266; x_wconf 91' lang='lat' dir='ltr'>ubi</span> <span class='ocrx_word' id='word_1_150' title='bbox 890 2212 998 2282; x_wconf 90' lang='lat' dir='ltr'>ipsi</span> <span class='ocrx_word' id='word_1_151' title='bbox 1032 2213 1137 2267; x_wconf 90' lang='lat' dir='ltr'>hac</span> <span class='ocrx_word' id='word_1_152' title='bbox 1174 2214 1241 2267; x_wconf 91' lang='lat' dir='ltr'>de</span> <span class='ocrx_word' id='word_1_153' title='bbox 1277 2231 1337 2267; x_wconf 90' lang='lat' dir='ltr'>re</span> <span class='ocrx_word' id='word_1_154' title='bbox 1375 2214 1545 2284; x_wconf 84' lang='lat' dir='ltr'>ajunt,</span> <span class='ocrx_word' id='word_1_155' title='bbox 1583 2218 1646 2268; x_wconf 91' lang='lat' dir='ltr'>ut</span> <span class='ocrx_word' id='word_1_156' title='bbox 1683 2214 1959 2284; x_wconf 87' lang='lat' dir='ltr'>sequitur.</span> <span class='ocrx_word' id='word_1_157' title='bbox 1948 2235 1959 2248; x_wconf 92' lang='lat'><strong>·</strong></span> <span class='ocrx_word' id='word_1_158' title='bbox 2005 2215 2116 2280; x_wconf 80' lang='lat' dir='ltr'>„Ne</span> <span class='ocrx_word' id='word_1_159' title='bbox 2153 2215 2381 2285; x_wconf 85' lang='lat' dir='ltr'>hujusce</span> <span class='ocrx_word' id='word_1_160' title='bbox 2407 2217 2686 2271; x_wconf 88' lang='lat' dir='ltr'>utilissimi</span> <span class='ocrx_word' id='word_1_161' title='bbox 2724 2221 2780 2271; x_wconf 89' lang='lat' dir='ltr'>et</span> <span class='ocrx_word' id='word_1_162' title='bbox 2815 2217 3035 2285; x_wconf 86' lang='lat' dir='ltr'>gravis-</span> 
     </span>
     <span class='ocr_line' id='line_1_19' title="bbox 371 2290 3036 2366; baseline 0.003 -22"><span class='ocrx_word' id='word_1_163' title='bbox 371 2290 495 2344; x_wconf 91' lang='lat' dir='ltr'>simi</span> <span class='ocrx_word' id='word_1_164' title='bbox 532 2291 732 2346; x_wconf 89' lang='lat' dir='ltr'>codicis</span> <span class='ocrx_word' id='word_1_165' title='bbox 777 2292 874 2360; x_wconf 88' lang='lat' dir='ltr'>(sc.</span> <span class='ocrx_word' id='word_1_166' title='bbox 913 2293 1133 2347; x_wconf 91' lang='lat' dir='ltr'>Decreti</span> <span class='ocrx_word' id='word_1_167' title='bbox 1171 2293 1443 2362; x_wconf 85' lang='lat' dir='ltr'>Gratiani)</span> <span class='ocrx_word' id='word_1_168' title='bbox 1486 2293 1777 2348; x_wconf 85' lang='lat' dir='ltr'>vacillaret</span> <span class='ocrx_word' id='word_1_169' title='bbox 1813 2294 2141 2359; x_wconf 86' lang='lat' dir='ltr'>auctoritas,</span> <span class='ocrx_word' id='word_1_170' title='bbox 2181 2296 2388 2365; x_wconf 85' lang='lat' dir='ltr'>placuit</span> <span class='ocrx_word' id='word_1_171' title='bbox 2424 2296 2659 2366; x_wconf 91' lang='lat' dir='ltr'>primum</span> <span class='ocrx_word' id='word_1_172' title='bbox 2695 2297 2793 2351; x_wconf 89' lang='lat' dir='ltr'>Pio</span> <span class='ocrx_word' id='word_1_173' title='bbox 2831 2298 2923 2352; x_wconf 87' lang='lat' dir='ltr'>IV.</span> <span class='ocrx_word' id='word_1_174' title='bbox 2961 2316 3036 2353; x_wconf 82' lang='lat' dir='ltr'>ac</span> 
     </span>
     <span class='ocr_line' id='line_1_20' title="bbox 370 2371 3035 2447; baseline 0.003 -23"><span class='ocrx_word' id='word_1_175' title='bbox 370 2371 597 2425; x_wconf 87' lang='lat' dir='ltr'>subinde</span> <span class='ocrx_word' id='word_1_176' title='bbox 634 2372 731 2427; x_wconf 92' lang='lat' dir='ltr'>Pio</span> <span class='ocrx_word' id='word_1_177' title='bbox 768 2373 835 2426; x_wconf 88' lang='lat' dir='ltr'>V.</span> <span class='ocrx_word' id='word_1_178' title='bbox 892 2376 948 2427; x_wconf 86' lang='lat' dir='ltr'>et</span> <span class='ocrx_word' id='word_1_179' title='bbox 1000 2373 1262 2440; x_wconf 81' lang='lat' dir='ltr'>Gregorio</span> <span class='ocrx_word' id='word_1_180' title='bbox 1300 2374 1474 2439; x_wconf 85' lang='grc' dir='ltr'><strong>ΧΙΙΙ.,</strong></span> <span class='ocrx_word' id='word_1_181' title='bbox 1579 2416 1590 2428; x_wconf 94' lang='grc'><strong>.</strong></span> <span class='ocrx_word' id='word_1_182' title='bbox 1632 2417 1643 2428; x_wconf 91' lang='grc'><strong>.</strong></span> <span class='ocrx_word' id='word_1_183' title='bbox 1697 2378 1760 2428; x_wconf 91' lang='lat' dir='ltr'>ut</span> <span class='ocrx_word' id='word_1_184' title='bbox 1809 2374 1890 2428; x_wconf 89' lang='lat' dir='ltr'>illi</span> <span class='ocrx_word' id='word_1_185' title='bbox 1941 2375 2258 2443; x_wconf 88' lang='lat' dir='ltr'>corrigendo</span> <span class='ocrx_word' id='word_1_186' title='bbox 2315 2394 2526 2431; x_wconf 89' lang='lat' dir='ltr'>summa</span> <span class='ocrx_word' id='word_1_187' title='bbox 2576 2395 2741 2447; x_wconf 87' lang='lat' dir='ltr'>opera</span> <span class='ocrx_word' id='word_1_188' title='bbox 2792 2379 3035 2443; x_wconf 88' lang='lat' dir='ltr'>daretur,</span> 
     </span>
     <span class='ocr_line' id='line_1_21' title="bbox 370 2416 3035 2523; baseline 0.003 -19"><span class='ocrx_word' id='word_1_189' title='bbox 370 2452 565 2505; x_wconf 87' lang='lat' dir='ltr'>menda</span> <span class='ocrx_word' id='word_1_190' title='bbox 613 2451 954 2506; x_wconf 86' lang='lat' dir='ltr'>librariorum</span> <span class='ocrx_word' id='word_1_191' title='bbox 991 2453 1341 2518; x_wconf 89' lang='lat' dir='ltr'>tollerentur,</span> <span class='ocrx_word' id='word_1_192' title='bbox 1387 2454 1435 2508; x_wconf 90' lang='lat' dir='ltr'>si</span> <span class='ocrx_word' id='word_1_193' title='bbox 1462 2416 1581 2523; x_wconf 81' lang='lat' dir='ltr'>qua</span> <span class='ocrx_word' id='word_1_194' title='bbox 1632 2454 1800 2508; x_wconf 88' lang='lat' dir='ltr'>etiam</span> <span class='ocrx_word' id='word_1_195' title='bbox 1848 2455 1906 2507; x_wconf 94' lang='lat' dir='ltr'>in</span> <span class='ocrx_word' id='word_1_196' title='bbox 1955 2473 2015 2508; x_wconf 88' lang='lat' dir='ltr'>re</span> <span class='ocrx_word' id='word_1_197' title='bbox 2053 2455 2350 2510; x_wconf 79' lang='lat' dir='ltr'>Gratianus</span> <span class='ocrx_word' id='word_1_198' title='bbox 2396 2459 2460 2510; x_wconf 91' lang='lat' dir='ltr'>ut</span> <span class='ocrx_word' id='word_1_199' title='bbox 2508 2457 2697 2511; x_wconf 92' lang='lat' dir='ltr'>homo</span> <span class='ocrx_word' id='word_1_200' title='bbox 2717 2457 2897 2512; x_wconf 90' lang='lat' dir='ltr'>minus</span> <span class='ocrx_word' id='word_1_201' title='bbox 2946 2458 3035 2511; x_wconf 87' lang='lat' dir='ltr'>vi·</span> 
     </span>
     <span class='ocr_line' id='line_1_22' title="bbox 370 2531 3035 2605; baseline 0.003 -20"><span class='ocrx_word' id='word_1_202' title='bbox 370 2531 558 2596; x_wconf 84' lang='lat' dir='ltr'>disset,</span> <span class='ocrx_word' id='word_1_203' title='bbox 595 2533 837 2586; x_wconf 91' lang='lat' dir='ltr'>modeste</span> <span class='ocrx_word' id='word_1_204' title='bbox 874 2537 1170 2598; x_wconf 88' lang='lat' dir='ltr'>notaretur,</span> <span class='ocrx_word' id='word_1_205' title='bbox 1208 2533 1441 2604; x_wconf 89' lang='lat' dir='ltr'>ipsaque</span> <span class='ocrx_word' id='word_1_206' title='bbox 1475 2534 1690 2588; x_wconf 87' lang='lat' dir='ltr'>omnino</span> <span class='ocrx_word' id='word_1_207' title='bbox 1728 2535 1910 2605; x_wconf 89' lang='lat' dir='ltr'>capita</span> <span class='ocrx_word' id='word_1_208' title='bbox 1938 2535 2055 2589; x_wconf 89' lang='lat' dir='ltr'>suis</span> <span class='ocrx_word' id='word_1_209' title='bbox 2079 2535 2392 2590; x_wconf 89' lang='lat' dir='ltr'>auctoribus</span> <span class='ocrx_word' id='word_1_210' title='bbox 2418 2554 2582 2605; x_wconf 91' lang='lat' dir='ltr'>quam</span> <span class='ocrx_word' id='word_1_211' title='bbox 2609 2537 3035 2605; x_wconf 87' lang='lat' dir='ltr'>diligentissime</span> 
     </span>
     <span class='ocr_line' id='line_1_23' title="bbox 367 2611 3033 2690; baseline 0.003 -24"><span class='ocrx_word' id='word_1_212' title='bbox 367 2611 833 2667; x_wconf 86' lang='lat' dir='ltr'>restituerentur.“</span> <span class='ocrx_word' id='word_1_213' title='bbox 877 2643 948 2651; x_wconf 98' lang='lat'><strong>—</strong></span> <span class='ocrx_word' id='word_1_214' title='bbox 990 2614 1139 2680; x_wconf 85' lang='lat' dir='ltr'>„Qua</span> <span class='ocrx_word' id='word_1_215' title='bbox 1177 2614 1461 2684; x_wconf 85' lang='lat' dir='ltr'>diligentia</span> <span class='ocrx_word' id='word_1_216' title='bbox 1497 2615 1632 2669; x_wconf 90' lang='lat' dir='ltr'>illud</span> <span class='ocrx_word' id='word_1_217' title='bbox 1669 2615 1876 2670; x_wconf 84' lang='lat' dir='ltr'>factum</span> <span class='ocrx_word' id='word_1_218' title='bbox 1914 2619 2015 2681; x_wconf 91' lang='lat' dir='ltr'>est,</span> <span class='ocrx_word' id='word_1_219' title='bbox 2053 2618 2131 2681; x_wconf 89' lang='lat' dir='ltr'>ut,</span> <span class='ocrx_word' id='word_1_220' title='bbox 2171 2634 2337 2685; x_wconf 91' lang='lat' dir='ltr'>quum</span> <span class='ocrx_word' id='word_1_221' title='bbox 2370 2617 2483 2689; x_wconf 83' lang='lat' dir='ltr'>jam</span> <span class='ocrx_word' id='word_1_222' title='bbox 2521 2635 2775 2686; x_wconf 85' lang='lat' dir='ltr'>magnam</span> <span class='ocrx_word' id='word_1_223' title='bbox 2814 2623 3033 2690; x_wconf 79' lang='lat' dir='ltr'>partem</span> 
     </span>
     <span class='ocr_line' id='line_1_24' title="bbox 372 2692 3037 2771; baseline 0.003 -26"><span class='ocrx_word' id='word_1_224' title='bbox 372 2710 536 2746; x_wconf 90' lang='lat' dir='ltr'>suum</span> <span class='ocrx_word' id='word_1_225' title='bbox 573 2692 864 2763; x_wconf 87' lang='lat' dir='ltr'>unicuique</span> <span class='ocrx_word' id='word_1_226' title='bbox 902 2693 1167 2748; x_wconf 90' lang='lat' dir='ltr'>tributum</span> <span class='ocrx_word' id='word_1_227' title='bbox 1204 2695 1300 2760; x_wconf 90' lang='lat' dir='ltr'>sit,</span> <span class='ocrx_word' id='word_1_228' title='bbox 1346 2713 1410 2749; x_wconf 88' lang='lat' dir='ltr'>ac</span> <span class='ocrx_word' id='word_1_229' title='bbox 1446 2699 1734 2766; x_wconf 89' lang='lat' dir='ltr'>propterea</span> <span class='ocrx_word' id='word_1_230' title='bbox 1767 2696 2004 2764; x_wconf 88' lang='lat' dir='ltr'>intelligi</span> <span class='ocrx_word' id='word_1_231' title='bbox 2040 2697 2358 2767; x_wconf 90' lang='lat' dir='ltr'>plerumque</span> <span class='ocrx_word' id='word_1_232' title='bbox 2395 2699 2585 2768; x_wconf 89' lang='lat' dir='ltr'>possit,</span> <span class='ocrx_word' id='word_1_233' title='bbox 2624 2717 2763 2768; x_wconf 88' lang='lat' dir='ltr'>quae</span> <span class='ocrx_word' id='word_1_234' title='bbox 2800 2701 3037 2771; x_wconf 86' lang='lat' dir='ltr'>synodo-</span> 
     </span>
     <span class='ocr_line' id='line_1_25' title="bbox 368 2773 3036 2850; baseline 0.004 -25"><span class='ocrx_word' id='word_1_235' title='bbox 368 2791 490 2826; x_wconf 91' lang='lat' dir='ltr'>rum</span> <span class='ocrx_word' id='word_1_236' title='bbox 526 2773 878 2840; x_wconf 88' lang='lat' dir='ltr'>generalium,</span> <span class='ocrx_word' id='word_1_237' title='bbox 918 2791 1058 2843; x_wconf 91' lang='lat' dir='ltr'>quae</span> <span class='ocrx_word' id='word_1_238' title='bbox 1096 2774 1437 2829; x_wconf 85' lang='lat' dir='ltr'>Summorum</span> <span class='ocrx_word' id='word_1_239' title='bbox 1475 2776 1816 2842; x_wconf 88' lang='lat' dir='ltr'>Pontificum,</span> <span class='ocrx_word' id='word_1_240' title='bbox 1856 2794 1995 2845; x_wconf 89' lang='lat' dir='ltr'>quae</span> <span class='ocrx_word' id='word_1_241' title='bbox 2032 2778 2446 2847; x_wconf 85' lang='lat' dir='ltr'>provincialium</span> <span class='ocrx_word' id='word_1_242' title='bbox 2484 2780 2848 2845; x_wconf 89' lang='lat' dir='ltr'>conciliorum,</span> <span class='ocrx_word' id='word_1_243' title='bbox 2886 2798 3036 2850; x_wconf 90' lang='lat' dir='ltr'>quae</span> 
     </span>
     <span class='ocr_line' id='line_1_26' title="bbox 368 2853 3036 2930; baseline 0.003 -24"><span class='ocrx_word' id='word_1_244' title='bbox 368 2853 595 2907; x_wconf 87' lang='lat' dir='ltr'>Patrum</span> <span class='ocrx_word' id='word_1_245' title='bbox 633 2854 851 2908; x_wconf 84' lang='lat' dir='ltr'>decreta</span> <span class='ocrx_word' id='word_1_246' title='bbox 901 2871 967 2908; x_wconf 91' lang='lat' dir='ltr'>ac</span> <span class='ocrx_word' id='word_1_247' title='bbox 1004 2854 1308 2909; x_wconf 87' lang='lat' dir='ltr'>sententiae</span> <span class='ocrx_word' id='word_1_248' title='bbox 1324 2898 1337 2920; x_wconf 91' lang='lat'>,</span> <span class='ocrx_word' id='word_1_249' title='bbox 1394 2860 1560 2926; x_wconf 84' lang='lat' dir='ltr'>atque</span> <span class='ocrx_word' id='word_1_250' title='bbox 1596 2856 1740 2911; x_wconf 90' lang='lat' dir='ltr'>inter</span> <span class='ocrx_word' id='word_1_251' title='bbox 1776 2857 1913 2911; x_wconf 89' lang='lat' dir='ltr'>haec</span> <span class='ocrx_word' id='word_1_252' title='bbox 1927 2900 1941 2922; x_wconf 87' lang='lat'>,</span> <span class='ocrx_word' id='word_1_253' title='bbox 1995 2876 2134 2926; x_wconf 87' lang='lat' dir='ltr'>quae</span> <span class='ocrx_word' id='word_1_254' title='bbox 2172 2862 2395 2913; x_wconf 85' lang='lat' dir='ltr'>sanctae</span> <span class='ocrx_word' id='word_1_255' title='bbox 2432 2859 2710 2914; x_wconf 88' lang='lat' dir='ltr'>Romanae</span> <span class='ocrx_word' id='word_1_256' title='bbox 2747 2859 2872 2914; x_wconf 85' lang='lat' dir='ltr'>Sedi</span> <span class='ocrx_word' id='word_1_257' title='bbox 2908 2878 3036 2930; x_wconf 90' lang='lat' dir='ltr'>pro·</span> 
     </span>
     <span class='ocr_line' id='line_1_27' title="bbox 370 2934 3038 3009; baseline 0.003 -22"><span class='ocrx_word' id='word_1_258' title='bbox 370 2934 498 2987; x_wconf 89' lang='lat' dir='ltr'>bata</span> <span class='ocrx_word' id='word_1_259' title='bbox 534 2934 660 2998; x_wconf 89' lang='lat' dir='ltr'>sint,</span> <span class='ocrx_word' id='word_1_260' title='bbox 699 2952 838 3002; x_wconf 84' lang='lat' dir='ltr'>quae</span> <span class='ocrx_word' id='word_1_261' title='bbox 874 2934 1095 2989; x_wconf 84' lang='lat' dir='ltr'>minime</span> <span class='ocrx_word' id='word_1_262' title='bbox 1111 2978 1124 3000; x_wconf 92' lang='lat'>,</span> <span class='ocrx_word' id='word_1_263' title='bbox 1180 2935 1279 2990; x_wconf 84' lang='lat' dir='ltr'>vix</span> <span class='ocrx_word' id='word_1_264' title='bbox 1316 2936 1606 3005; x_wconf 89' lang='lat' dir='ltr'>quisquam</span> <span class='ocrx_word' id='word_1_265' title='bbox 1644 2955 1842 3002; x_wconf 89' lang='lat' dir='ltr'>errare,</span> <span class='ocrx_word' id='word_1_266' title='bbox 1882 2941 2046 3007; x_wconf 88' lang='lat' dir='ltr'>atque</span> <span class='ocrx_word' id='word_1_267' title='bbox 2082 2937 2293 2993; x_wconf 89' lang='lat' dir='ltr'>incerta</span> <span class='ocrx_word' id='word_1_268' title='bbox 2330 2957 2426 3009; x_wconf 91' lang='lat' dir='ltr'>pro</span> <span class='ocrx_word' id='word_1_269' title='bbox 2464 2939 2628 2994; x_wconf 89' lang='lat' dir='ltr'>certis</span> <span class='ocrx_word' id='word_1_270' title='bbox 2666 2940 2839 3009; x_wconf 87' lang='lat' dir='ltr'>sequi,</span> <span class='ocrx_word' id='word_1_271' title='bbox 2877 2945 3038 2995; x_wconf 83' lang='lat' dir='ltr'>certa</span> 
     </span>
     <span class='ocr_line' id='line_1_28' title="bbox 369 3014 3036 3090; baseline 0.003 -24"><span class='ocrx_word' id='word_1_272' title='bbox 369 3031 500 3067; x_wconf 88' lang='lat' dir='ltr'>vero</span> <span class='ocrx_word' id='word_1_273' title='bbox 536 3032 633 3084; x_wconf 92' lang='lat' dir='ltr'>pro</span> <span class='ocrx_word' id='word_1_274' title='bbox 671 3014 896 3068; x_wconf 88' lang='lat' dir='ltr'>incertis</span> <span class='ocrx_word' id='word_1_275' title='bbox 933 3019 1188 3085; x_wconf 87' lang='lat' dir='ltr'>suspecta</span> <span class='ocrx_word' id='word_1_276' title='bbox 1225 3016 1425 3070; x_wconf 87' lang='lat' dir='ltr'>habere</span> <span class='ocrx_word' id='word_1_277' title='bbox 1462 3017 1692 3087; x_wconf 84' lang='lat' dir='ltr'>posthac</span> <span class='ocrx_word' id='word_1_278' title='bbox 1730 3020 1940 3087; x_wconf 84' lang='lat' dir='ltr'>queat.“</span> <span class='ocrx_word' id='word_1_279' title='bbox 1985 3049 2051 3057; x_wconf 95' lang='lat'>—</span> <span class='ocrx_word' id='word_1_280' title='bbox 2091 3018 2230 3072; x_wconf 92' lang='lat' dir='ltr'>Item</span> <span class='ocrx_word' id='word_1_281' title='bbox 2282 3019 2338 3073; x_wconf 91' lang='lat' dir='ltr'>id</span> <span class='ocrx_word' id='word_1_282' title='bbox 2382 3020 2563 3074; x_wconf 87' lang='lat' dir='ltr'>elucet</span> <span class='ocrx_word' id='word_1_283' title='bbox 2598 3038 2628 3073; x_wconf 88' lang='lat' dir='ltr'>e</span> <span class='ocrx_word' id='word_1_284' title='bbox 2665 3020 2849 3090; x_wconf 87' lang='lat' dir='ltr'>Papae</span> <span class='ocrx_word' id='word_1_285' title='bbox 2894 3023 3036 3074; x_wconf 82' lang='lat' dir='ltr'>Gre—</span> 
     </span>
     <span class='ocr_line' id='line_1_29' title="bbox 367 3094 3035 3170; baseline 0.003 -24"><span class='ocrx_word' id='word_1_286' title='bbox 367 3097 517 3162; x_wconf 80' lang='lat' dir='ltr'>9orii</span> <span class='ocrx_word' id='word_1_287' title='bbox 552 3096 719 3148; x_wconf 90' lang='lat' dir='ltr'><strong>XIII.</strong></span> <span class='ocrx_word' id='word_1_288' title='bbox 755 3094 957 3149; x_wconf 91' lang='lat' dir='ltr'>litteris</span> <span class='ocrx_word' id='word_1_289' title='bbox 1007 3096 1287 3150; x_wconf 86' lang='lat' dir='ltr'>brevibus:</span> <span class='ocrx_word' id='word_1_290' title='bbox 1347 3099 1816 3163; x_wconf 80' lang='lat' dir='ltr'>„Emendationem</span> <span class='ocrx_word' id='word_1_291' title='bbox 1853 3100 2217 3168; x_wconf 82' lang='lat' dir='ltr'>Decretorum‚</span> <span class='ocrx_word' id='word_1_292' title='bbox 2256 3100 2306 3152; x_wconf 90' lang='lat' dir='ltr'>d.</span> <span class='ocrx_word' id='word_1_293' title='bbox 2346 3100 2395 3153; x_wconf 92' lang='lat' dir='ltr'>d.</span> <span class='ocrx_word' id='word_1_294' title='bbox 2435 3100 2484 3153; x_wconf 84' lang='lat'>2.</span> <span class='ocrx_word' id='word_1_295' title='bbox 2526 3100 2676 3153; x_wconf 90' lang='lat' dir='ltr'>Junii</span> <span class='ocrx_word' id='word_1_296' title='bbox 2717 3101 2852 3155; x_wconf 83' lang='lat'>1582</span> <span class='ocrx_word' id='word_1_297' title='bbox 2870 3142 2883 3163; x_wconf 85' lang='lat'>‚</span> <span class='ocrx_word' id='word_1_298' title='bbox 2934 3118 3035 3170; x_wconf 87' lang='lat' dir='ltr'>pa-</span> 
     </span>
     <span class='ocr_line' id='line_1_30' title="bbox 368 3174 3036 3248; baseline 0.003 -21"><span class='ocrx_word' id='word_1_299' title='bbox 368 3174 501 3227; x_wconf 90' lang='lat' dir='ltr'>riter</span> <span class='ocrx_word' id='word_1_300' title='bbox 539 3192 572 3227; x_wconf 88' lang='lat' dir='ltr'>a</span> <span class='ocrx_word' id='word_1_301' title='bbox 609 3175 787 3229; x_wconf 87' lang='lat' dir='ltr'>fronte</span> <span class='ocrx_word' id='word_1_302' title='bbox 824 3174 1045 3229; x_wconf 89' lang='lat' dir='ltr'>Decreti</span> <span class='ocrx_word' id='word_1_303' title='bbox 1080 3176 1296 3246; x_wconf 89' lang='lat' dir='ltr'>positis,</span> <span class='ocrx_word' id='word_1_304' title='bbox 1348 3176 1441 3230; x_wconf 91' lang='lat' dir='ltr'>ubi</span> <span class='ocrx_word' id='word_1_305' title='bbox 1478 3177 1621 3248; x_wconf 90' lang='lat' dir='ltr'>idem</span> <span class='ocrx_word' id='word_1_306' title='bbox 1658 3178 1811 3248; x_wconf 88' lang='lat' dir='ltr'>Papa</span> <span class='ocrx_word' id='word_1_307' title='bbox 1848 3177 1955 3241; x_wconf 90' lang='lat' dir='ltr'>ait,</span> <span class='ocrx_word' id='word_1_308' title='bbox 2007 3178 2063 3231; x_wconf 92' lang='lat' dir='ltr'>in</span> <span class='ocrx_word' id='word_1_309' title='bbox 2099 3179 2318 3246; x_wconf 88' lang='lat' dir='ltr'>negotio</span> <span class='ocrx_word' id='word_1_310' title='bbox 2362 3180 2682 3234; x_wconf 84' lang='lat' dir='ltr'>emendandi</span> <span class='ocrx_word' id='word_1_311' title='bbox 2718 3179 3036 3246; x_wconf 88' lang='lat' dir='ltr'>Decretum,</span> 
     </span>
     <span class='ocr_line' id='line_1_31' title="bbox 377 3254 3036 3330; baseline 0.003 -23"><span class='ocrx_word' id='word_1_312' title='bbox 377 3271 662 3322; x_wconf 85' lang='lat' dir='ltr'>„magnam</span> <span class='ocrx_word' id='word_1_313' title='bbox 700 3254 943 3309; x_wconf 88' lang='lat' dir='ltr'>habitam</span> <span class='ocrx_word' id='word_1_314' title='bbox 979 3255 1245 3310; x_wconf 89' lang='lat' dir='ltr'>rationem</span> <span class='ocrx_word' id='word_1_315' title='bbox 1281 3257 1452 3310; x_wconf 85' lang='lat' dir='ltr'>fuisse</span> <span class='ocrx_word' id='word_1_316' title='bbox 1491 3257 1668 3327; x_wconf 90' lang='lat' dir='ltr'>operis</span> <span class='ocrx_word' id='word_1_317' title='bbox 1705 3258 1879 3328; x_wconf 88' lang='lat' dir='ltr'>ipsius</span> <span class='ocrx_word' id='word_1_318' title='bbox 1918 3258 2203 3325; x_wconf 87' lang='lat' dir='ltr'>dignitatis</span> <span class='ocrx_word' id='word_1_319' title='bbox 2241 3262 2298 3313; x_wconf 92' lang='lat' dir='ltr'>et</span> <span class='ocrx_word' id='word_1_320' title='bbox 2333 3258 2583 3329; x_wconf 90' lang='lat' dir='ltr'>publicae</span> <span class='ocrx_word' id='word_1_321' title='bbox 2603 3303 2614 3324; x_wconf 91' lang='lat'>‚</span> <span class='ocrx_word' id='word_1_322' title='bbox 2654 3278 2839 3314; x_wconf 90' lang='lat' dir='ltr'>eorum</span> <span class='ocrx_word' id='word_1_323' title='bbox 2875 3278 3036 3330; x_wconf 89' lang='lat' dir='ltr'>prae-</span> 
     </span>
     <span class='ocr_line' id='line_1_32' title="bbox 367 3334 3036 3408; baseline 0.002 -20"><span class='ocrx_word' id='word_1_324' title='bbox 367 3334 556 3388; x_wconf 87' lang='lat' dir='ltr'>sertim</span> <span class='ocrx_word' id='word_1_325' title='bbox 572 3378 584 3400; x_wconf 93' lang='lat'>,</span> <span class='ocrx_word' id='word_1_326' title='bbox 638 3335 730 3403; x_wconf 92' lang='lat' dir='ltr'>qui</span> <span class='ocrx_word' id='word_1_327' title='bbox 766 3334 823 3388; x_wconf 92' lang='lat' dir='ltr'>in</span> <span class='ocrx_word' id='word_1_328' title='bbox 859 3335 962 3390; x_wconf 89' lang='lat' dir='ltr'>hoc</span> <span class='ocrx_word' id='word_1_329' title='bbox 998 3335 1178 3390; x_wconf 90' lang='lat' dir='ltr'>studio</span> <span class='ocrx_word' id='word_1_330' title='bbox 1216 3340 1508 3391; x_wconf 86' lang='lat' dir='ltr'>versantur</span> <span class='ocrx_word' id='word_1_331' title='bbox 1524 3380 1536 3402; x_wconf 93' lang='lat'>,</span> <span class='ocrx_word' id='word_1_332' title='bbox 1586 3337 1890 3392; x_wconf 78' lang='lat' dir='ltr'>utilitatis.“</span> <span class='ocrx_word' id='word_1_333' title='bbox 1972 3340 2032 3392; x_wconf 93' lang='lat' dir='ltr'>Id</span> <span class='ocrx_word' id='word_1_334' title='bbox 2084 3340 2226 3407; x_wconf 93' lang='lat' dir='ltr'>quod</span> <span class='ocrx_word' id='word_1_335' title='bbox 2273 3339 2438 3393; x_wconf 88' lang='lat' dir='ltr'>etiam</span> <span class='ocrx_word' id='word_1_336' title='bbox 2476 3340 2727 3408; x_wconf 87' lang='lat' dir='ltr'>agnoscit</span> <span class='ocrx_word' id='word_1_337' title='bbox 2763 3343 3036 3394; x_wconf 67' lang='lat' dir='ltr'>Aemilius</span> 
     </span>
     <span class='ocr_line' id='line_1_33' title="bbox 367 3414 3035 3485; baseline 0.003 -18"><span class='ocrx_word' id='word_1_338' title='bbox 367 3416 662 3483; x_wconf 66' lang='lat' dir='ltr'>Friedbeoy</span> <span class='ocrx_word' id='word_1_339' title='bbox 698 3414 755 3468; x_wconf 90' lang='lat' dir='ltr'>in</span> <span class='ocrx_word' id='word_1_340' title='bbox 791 3414 908 3469; x_wconf 90' lang='lat' dir='ltr'>citt.</span> <span class='ocrx_word' id='word_1_341' title='bbox 947 3415 1190 3485; x_wconf 86' lang='lat' dir='ltr'>prolegg.</span> <span class='ocrx_word' id='word_1_342' title='bbox 1231 3417 1330 3470; x_wconf 93' lang='lat' dir='ltr'>col.</span> <span class='ocrx_word' id='word_1_343' title='bbox 1352 3416 1666 3482; x_wconf 72' lang='lat' dir='ltr'>LXXVIII„</span> <span class='ocrx_word' id='word_1_344' title='bbox 1708 3417 1924 3472; x_wconf 85' lang='lat' dir='ltr'>dicens:</span> <span class='ocrx_word' id='word_1_345' title='bbox 1970 3418 2185 3483; x_wconf 85' lang='lat' dir='ltr'>„Vides‚</span> <span class='ocrx_word' id='word_1_346' title='bbox 2223 3437 2329 3472; x_wconf 91' lang='lat' dir='ltr'>non</span> <span class='ocrx_word' id='word_1_347' title='bbox 2366 3419 2422 3472; x_wconf 90' lang='lat' dir='ltr'>id</span> <span class='ocrx_word' id='word_1_348' title='bbox 2459 3420 2518 3472; x_wconf 89' lang='lat' dir='ltr'>in</span> <span class='ocrx_word' id='word_1_349' title='bbox 2555 3420 2732 3473; x_wconf 90' lang='lat' dir='ltr'>animo</span> <span class='ocrx_word' id='word_1_350' title='bbox 2770 3420 3035 3474; x_wconf 88' lang='lat' dir='ltr'>habuisse</span> 
     </span>
     <span class='ocr_line' id='line_1_34' title="bbox 367 3495 3034 3570; baseline 0.002 -21"><span class='ocrx_word' id='word_1_351' title='bbox 367 3499 698 3552; x_wconf 71' lang='lat' dir='ltr'>corroetores</span> <span class='ocrx_word' id='word_1_352' title='bbox 736 3495 1024 3562; x_wconf 84' lang='lat' dir='ltr'>Romanos,</span> <span class='ocrx_word' id='word_1_353' title='bbox 1062 3499 1125 3549; x_wconf 93' lang='lat' dir='ltr'>ut</span> <span class='ocrx_word' id='word_1_354' title='bbox 1161 3496 1542 3551; x_wconf 86' lang='lat' dir='ltr'>restitueretur</span> <span class='ocrx_word' id='word_1_355' title='bbox 1581 3498 1874 3563; x_wconf 90' lang='lat' dir='ltr'>decretum,</span> <span class='ocrx_word' id='word_1_356' title='bbox 1914 3498 2073 3566; x_wconf 89' lang='lat' dir='ltr'>quale</span> <span class='ocrx_word' id='word_1_357' title='bbox 2111 3516 2145 3552; x_wconf 88' lang='lat' dir='ltr'>a</span> <span class='ocrx_word' id='word_1_358' title='bbox 2172 3498 2430 3553; x_wconf 84' lang='lat' dir='ltr'>Gratiano</span> <span class='ocrx_word' id='word_1_359' title='bbox 2469 3500 2825 3570; x_wconf 90' lang='lat' dir='ltr'>compositum</span> <span class='ocrx_word' id='word_1_360' title='bbox 2863 3504 3034 3564; x_wconf 87' lang='lat' dir='ltr'>esset,</span> 
     </span>
     <span class='ocr_line' id='line_1_35' title="bbox 368 3575 3036 3646; baseline 0.003 -19"><span class='ocrx_word' id='word_1_361' title='bbox 368 3575 464 3628; x_wconf 89' lang='lat' dir='ltr'>sed</span> <span class='ocrx_word' id='word_1_362' title='bbox 503 3575 662 3644; x_wconf 89' lang='lat' dir='ltr'>quale</span> <span class='ocrx_word' id='word_1_363' title='bbox 701 3593 733 3628; x_wconf 91' lang='lat' dir='ltr'>a</span> <span class='ocrx_word' id='word_1_364' title='bbox 772 3575 1033 3630; x_wconf 83' lang='lat' dir='ltr'>Gratiano</span> <span class='ocrx_word' id='word_1_365' title='bbox 1072 3576 1319 3646; x_wconf 91' lang='lat' dir='ltr'>componi</span> <span class='ocrx_word' id='word_1_366' title='bbox 1371 3577 1664 3631; x_wconf 86' lang='lat' dir='ltr'>debuisset.</span> <span class='ocrx_word' id='word_1_367' title='bbox 1740 3578 2011 3632; x_wconf 89' lang='lat' dir='ltr'>Nolebant</span> <span class='ocrx_word' id='word_1_368' title='bbox 2056 3578 2198 3632; x_wconf 91' lang='lat' dir='ltr'>enim</span> <span class='ocrx_word' id='word_1_369' title='bbox 2251 3579 2498 3634; x_wconf 90' lang='lat' dir='ltr'>codicum</span> <span class='ocrx_word' id='word_1_370' title='bbox 2548 3579 2874 3634; x_wconf 89' lang='lat' dir='ltr'>auctoritate</span> <span class='ocrx_word' id='word_1_371' title='bbox 2911 3580 3036 3634; x_wconf 85' lang='lat' dir='ltr'>nixi</span> 
     </span>
     <span class='ocr_line' id='line_1_36' title="bbox 367 3654 3033 3730; baseline 0.003 -23"><span class='ocrx_word' id='word_1_372' title='bbox 367 3654 560 3708; x_wconf 89' lang='lat' dir='ltr'>critica</span> <span class='ocrx_word' id='word_1_373' title='bbox 599 3655 808 3709; x_wconf 89' lang='lat' dir='ltr'>ratione</span> <span class='ocrx_word' id='word_1_374' title='bbox 847 3655 1090 3711; x_wconf 89' lang='lat' dir='ltr'>adhibita</span> <span class='ocrx_word' id='word_1_375' title='bbox 1129 3657 1407 3711; x_wconf 90' lang='lat' dir='ltr'>decretum</span> <span class='ocrx_word' id='word_1_376' title='bbox 1443 3657 1725 3725; x_wconf 89' lang='lat' dir='ltr'>refingere,</span> <span class='ocrx_word' id='word_1_377' title='bbox 1764 3659 1860 3712; x_wconf 92' lang='lat' dir='ltr'>sed</span> <span class='ocrx_word' id='word_1_378' title='bbox 1897 3659 2076 3712; x_wconf 85' lang='lat' dir='ltr'>fontes</span> <span class='ocrx_word' id='word_1_379' title='bbox 2113 3659 2261 3729; x_wconf 89' lang='lat' dir='ltr'>ipsos</span> <span class='ocrx_word' id='word_1_380' title='bbox 2299 3663 2675 3730; x_wconf 86' lang='lat' dir='ltr'>excerptorum</span> <span class='ocrx_word' id='word_1_381' title='bbox 2710 3660 3033 3715; x_wconf 82' lang='lat' dir='ltr'>Gratianeo·</span> 
     </span>
     <span class='ocr_line' id='line_1_37' title="bbox 367 3734 3034 3811; baseline 0.003 -24"><span class='ocrx_word' id='word_1_382' title='bbox 367 3752 489 3788; x_wconf 92' lang='lat' dir='ltr'>rum</span> <span class='ocrx_word' id='word_1_383' title='bbox 527 3734 780 3790; x_wconf 87' lang='lat' dir='ltr'>adierunt</span> <span class='ocrx_word' id='word_1_384' title='bbox 816 3753 1109 3805; x_wconf 88' lang='lat' dir='ltr'>eorumque</span> <span class='ocrx_word' id='word_1_385' title='bbox 1154 3737 1449 3804; x_wconf 89' lang='lat' dir='ltr'>genuinum</span> <span class='ocrx_word' id='word_1_386' title='bbox 1500 3741 1815 3792; x_wconf 83' lang='lat' dir='ltr'>contextum</span> <span class='ocrx_word' id='word_1_387' title='bbox 1866 3738 2228 3792; x_wconf 88' lang='lat' dir='ltr'>restituerunt</span> <span class='ocrx_word' id='word_1_388' title='bbox 2243 3782 2255 3803; x_wconf 91' lang='lat'><em>‚</em></span> <span class='ocrx_word' id='word_1_389' title='bbox 2308 3739 2745 3794; x_wconf 88' lang='lat' dir='ltr'>adnotationibus</span> <span class='ocrx_word' id='word_1_390' title='bbox 2781 3740 3034 3811; x_wconf 80' lang='lat' dir='ltr'>adjectiS,</span> 
     </span>
     <span class='ocr_line' id='line_1_38' title="bbox 367 3813 3032 3911; baseline 0.003 -44"><span class='ocrx_word' id='word_1_391' title='bbox 367 3813 417 3868; x_wconf 92' lang='lat' dir='ltr'>si</span> <span class='ocrx_word' id='word_1_392' title='bbox 453 3832 590 3883; x_wconf 88' lang='lat' dir='ltr'>quas</span> <span class='ocrx_word' id='word_1_393' title='bbox 627 3815 696 3868; x_wconf 89' lang='lat' dir='ltr'>ad</span> <span class='ocrx_word' id='word_1_394' title='bbox 732 3814 1173 3886; x_wconf 88' lang='lat' dir='ltr'>interpraetanda</span> <span class='ocrx_word' id='word_1_395' title='bbox 1209 3817 1378 3871; x_wconf 86' lang='lat' dir='ltr'>verba</span> <span class='ocrx_word' id='word_1_396' title='bbox 1414 3817 1753 3871; x_wconf 84' lang='lat' dir='ltr'>necessarias</span> <span class='ocrx_word' id='word_1_397' title='bbox 1792 3835 1912 3872; x_wconf 88' lang='lat' dir='ltr'>esse</span> <span class='ocrx_word' id='word_1_398' title='bbox 1950 3818 2381 3884; x_wconf 84' lang='lat' dir='ltr'>arbitrabantur;</span> <span class='ocrx_word' id='word_1_399' title='bbox 2420 3837 2595 3888; x_wconf 91' lang='lat' dir='ltr'>neque</span> <span class='ocrx_word' id='word_1_400' title='bbox 2632 3837 2867 3911; x_wconf 87' lang='lat' dir='ltr'>usquam</span> <span class='ocrx_word' id='word_1_401' title='bbox 2892 3820 3032 3874; x_wconf 84' lang='lat' dir='ltr'>Gra-</span> 
     </span>
     <span class='ocr_line' id='line_1_39' title="bbox 366 3894 3033 3969; baseline 0.002 -22"><span class='ocrx_word' id='word_1_402' title='bbox 366 3894 504 3948; x_wconf 89' lang='lat' dir='ltr'>tiani</span> <span class='ocrx_word' id='word_1_403' title='bbox 539 3895 708 3948; x_wconf 87' lang='lat' dir='ltr'>verba</span> <span class='ocrx_word' id='word_1_404' title='bbox 746 3913 778 3948; x_wconf 92' lang='lat' dir='ltr'>a</span> <span class='ocrx_word' id='word_1_405' title='bbox 815 3896 1056 3950; x_wconf 88' lang='lat' dir='ltr'>fontibus</span> <span class='ocrx_word' id='word_1_406' title='bbox 1093 3896 1459 3967; x_wconf 86' lang='lat' dir='ltr'>discrepantia</span> <span class='ocrx_word' id='word_1_407' title='bbox 1496 3902 1875 3962; x_wconf 86' lang='lat' dir='ltr'>servaverunt,</span> <span class='ocrx_word' id='word_1_408' title='bbox 1911 3898 2019 3952; x_wconf 89' lang='lat' dir='ltr'>nisi</span> <span class='ocrx_word' id='word_1_409' title='bbox 2041 3899 2136 3952; x_wconf 90' lang='lat' dir='ltr'>ubi</span> <span class='ocrx_word' id='word_1_410' title='bbox 2162 3898 2507 3954; x_wconf 84' lang='lat' dir='ltr'>Glossatores</span> <span class='ocrx_word' id='word_1_411' title='bbox 2532 3900 2612 3953; x_wconf 92' lang='lat' dir='ltr'>eis</span> <span class='ocrx_word' id='word_1_412' title='bbox 2638 3900 2799 3969; x_wconf 88' lang='lat' dir='ltr'>quasi</span> <span class='ocrx_word' id='word_1_413' title='bbox 2835 3900 3033 3954; x_wconf 88' lang='lat' dir='ltr'>funda-</span> 
     </span>
     <span class='ocr_line' id='line_1_40' title="bbox 367 3974 1666 4043; baseline 0.002 -15"><span class='ocrx_word' id='word_1_414' title='bbox 367 3978 547 4028; x_wconf 91' lang='lat' dir='ltr'>mento</span> <span class='ocrx_word' id='word_1_415' title='bbox 586 3974 949 4030; x_wconf 83' lang='lat' dir='ltr'>adnotationis</span> <span class='ocrx_word' id='word_1_416' title='bbox 986 3976 1303 4043; x_wconf 85' lang='lat' dir='ltr'>exegeticae</span> <span class='ocrx_word' id='word_1_417' title='bbox 1341 3977 1427 4031; x_wconf 89' lang='lat' dir='ltr'>usi</span> <span class='ocrx_word' id='word_1_418' title='bbox 1464 3980 1666 4031; x_wconf 57' lang='lat' dir='ltr'>erantf</span> 
     </span>
    </p>

    <p class='ocr_par' dir='ltr' id='par_1_7' title="bbox 366 4021 3036 4684">
     <span class='ocr_line' id='line_1_41' title="bbox 548 4021 3035 4129; baseline 0.003 -22"><span class='ocrx_word' id='word_1_419' title='bbox 548 4056 568 4090; x_wconf 85' lang='lat'><strong>²</strong></span> <span class='ocrx_word' id='word_1_420' title='bbox 606 4057 874 4124; x_wconf 77' lang='lat' dir='ltr'>Maassen,</span> <span class='ocrx_word' id='word_1_421' title='bbox 911 4056 1167 4123; x_wconf 69' lang='lat' dir='ltr'>Beitrage</span> <span class='ocrx_word' id='word_1_422' title='bbox 1204 4074 1299 4110; x_wconf 89' lang='lat' dir='ltr'>zur</span> <span class='ocrx_word' id='word_1_423' title='bbox 1326 4056 1652 4112; x_wconf 86' lang='lat' dir='ltr'>Geschichte</span> <span class='ocrx_word' id='word_1_424' title='bbox 1692 4059 1787 4111; x_wconf 89' lang='lat' dir='ltr'>der</span> <span class='ocrx_word' id='word_1_425' title='bbox 1816 4021 2173 4129; x_wconf 86' lang='lat' dir='ltr'>juristischen</span> <span class='ocrx_word' id='word_1_426' title='bbox 2209 4059 2486 4113; x_wconf 87' lang='lat' dir='ltr'>Literatur</span> <span class='ocrx_word' id='word_1_427' title='bbox 2523 4061 2618 4114; x_wconf 90' lang='lat' dir='ltr'>des</span> <span class='ocrx_word' id='word_1_428' title='bbox 2655 4060 3035 4125; x_wconf 79' lang='lat' dir='ltr'>MittelalterS,</span> 
     </span>
     <span class='ocr_line' id='line_1_42' title="bbox 366 4134 3034 4207; baseline 0.002 -19.011"><span class='ocrx_word' id='word_1_429' title='bbox 371 4136 383 4147; x_wconf 73' lang='lat'><strong>⁴</strong></span> <span class='ocrx_word' id='word_1_430' title='bbox 366 4134 577 4189; x_wconf 88' lang='lat' dir='ltr'>mcitt.</span> <span class='ocrx_word' id='word_1_431' title='bbox 616 4135 795 4189; x_wconf 90' lang='lat' dir='ltr'>relatt.</span> <span class='ocrx_word' id='word_1_432' title='bbox 844 4152 979 4189; x_wconf 79' lang='lat' dir='ltr'>sess,</span> <span class='ocrx_word' id='word_1_433' title='bbox 1030 4139 1158 4189; x_wconf 92' lang='lat' dir='ltr'>tom.</span> <span class='ocrx_word' id='word_1_434' title='bbox 1197 4135 1394 4191; x_wconf 91' lang='lat' dir='ltr'><strong>XXIV.</strong></span> <span class='ocrx_word' id='word_1_435' title='bbox 1448 4155 1498 4207; x_wconf 91' lang='lat' dir='ltr'>p.</span> <span class='ocrx_word' id='word_1_436' title='bbox 1538 4138 1654 4202; x_wconf 87' lang='lat'><strong>47.;</strong></span> <span class='ocrx_word' id='word_1_437' title='bbox 1711 4140 1952 4202; x_wconf 78' lang='lat' dir='ltr'>Schulte,</span> <span class='ocrx_word' id='word_1_438' title='bbox 2002 4138 2103 4192; x_wconf 90' lang='lat' dir='ltr'>Die</span> <span class='ocrx_word' id='word_1_439' title='bbox 2140 4139 2314 4193; x_wconf 90' lang='lat' dir='ltr'>Lehre</span> <span class='ocrx_word' id='word_1_440' title='bbox 2363 4157 2472 4193; x_wconf 87' lang='lat' dir='ltr'>von</span> <span class='ocrx_word' id='word_1_441' title='bbox 2522 4140 2627 4194; x_wconf 92' lang='lat' dir='ltr'>den</span> <span class='ocrx_word' id='word_1_442' title='bbox 2664 4139 2892 4205; x_wconf 84' lang='lat' dir='ltr'>Quellen</span> <span class='ocrx_word' id='word_1_443' title='bbox 2928 4140 3034 4194; x_wconf 88' lang='lat' dir='ltr'>des</span> 
     </span>
     <span class='ocr_line' id='line_1_43' title="bbox 366 4215 3031 4289; baseline 0.002 -19"><span class='ocrx_word' id='word_1_444' title='bbox 366 4215 572 4270; x_wconf 87' lang='lat' dir='ltr'>kathol.</span> <span class='ocrx_word' id='word_1_445' title='bbox 599 4215 1038 4279; x_wconf 76' lang='lat' dir='ltr'>KirchenrechtS,</span> <span class='ocrx_word' id='word_1_446' title='bbox 1076 4233 1126 4285; x_wconf 91' lang='lat' dir='ltr'>p.</span> <span class='ocrx_word' id='word_1_447' title='bbox 1155 4216 1305 4270; x_wconf 86' lang='lat'><strong>331.·</strong></span> <span class='ocrx_word' id='word_1_448' title='bbox 1293 4259 1304 4281; x_wconf 93' lang='lat'>,</span> <span class='ocrx_word' id='word_1_449' title='bbox 1344 4219 1638 4286; x_wconf 74' lang='lat' dir='ltr'>Friedbery</span> <span class='ocrx_word' id='word_1_450' title='bbox 1673 4218 1732 4271; x_wconf 91' lang='lat' dir='ltr'>in</span> <span class='ocrx_word' id='word_1_451' title='bbox 1768 4218 1884 4272; x_wconf 87' lang='lat' dir='ltr'>citt.</span> <span class='ocrx_word' id='word_1_452' title='bbox 1913 4219 2153 4289; x_wconf 89' lang='lat' dir='ltr'>prolegg.</span> <span class='ocrx_word' id='word_1_453' title='bbox 2194 4219 2293 4274; x_wconf 92' lang='lat' dir='ltr'>col.</span> <span class='ocrx_word' id='word_1_454' title='bbox 2320 4218 2633 4284; x_wconf 77' lang='lat' dir='ltr'><strong>LXXXIX,</strong></span> <span class='ocrx_word' id='word_1_455' title='bbox 2674 4220 2767 4289; x_wconf 91' lang='lat' dir='ltr'>qui</span> <span class='ocrx_word' id='word_1_456' title='bbox 2805 4220 2907 4274; x_wconf 91' lang='lat' dir='ltr'>hoc</span> <span class='ocrx_word' id='word_1_457' title='bbox 2942 4238 3031 4274; x_wconf 90' lang='lat' dir='ltr'>re-</span> 
     </span>
     <span class='ocr_line' id='line_1_44' title="bbox 366 4295 3034 4368; baseline 0.003 -22"><span class='ocrx_word' id='word_1_458' title='bbox 366 4300 558 4366; x_wconf 89' lang='lat' dir='ltr'>spectu</span> <span class='ocrx_word' id='word_1_459' title='bbox 594 4296 924 4349; x_wconf 85' lang='lat' dir='ltr'>verbotenus</span> <span class='ocrx_word' id='word_1_460' title='bbox 979 4295 1058 4350; x_wconf 84' lang='lat' dir='ltr'>ait</span> <span class='ocrx_word' id='word_1_461' title='bbox 1072 4338 1085 4361; x_wconf 93' lang='lat'>,</span> <span class='ocrx_word' id='word_1_462' title='bbox 1137 4300 1201 4350; x_wconf 92' lang='lat' dir='ltr'>ut</span> <span class='ocrx_word' id='word_1_463' title='bbox 1249 4297 1528 4366; x_wconf 87' lang='lat' dir='ltr'>sequitur:</span> <span class='ocrx_word' id='word_1_464' title='bbox 1587 4298 1737 4364; x_wconf 83' lang='lat' dir='ltr'>„Non</span> <span class='ocrx_word' id='word_1_465' title='bbox 1788 4302 1916 4352; x_wconf 89' lang='lat' dir='ltr'>sunt</span> <span class='ocrx_word' id='word_1_466' title='bbox 1961 4299 2307 4368; x_wconf 84' lang='lat' dir='ltr'>vituperandi</span> <span class='ocrx_word' id='word_1_467' title='bbox 2347 4299 2715 4365; x_wconf 76' lang='lat' dir='ltr'>(correctores</span> <span class='ocrx_word' id='word_1_468' title='bbox 2751 4300 3034 4366; x_wconf 84' lang='lat' dir='ltr'>Romani),</span> 
     </span>
     <span class='ocr_line' id='line_1_45' title="bbox 369 4375 3034 4449; baseline 0.002 -20"><span class='ocrx_word' id='word_1_469' title='bbox 369 4377 510 4445; x_wconf 92' lang='lat' dir='ltr'>quod</span> <span class='ocrx_word' id='word_1_470' title='bbox 546 4376 783 4444; x_wconf 88' lang='lat' dir='ltr'>genuina</span> <span class='ocrx_word' id='word_1_471' title='bbox 820 4375 1155 4446; x_wconf 87' lang='lat' dir='ltr'>Scriptorum</span> <span class='ocrx_word' id='word_1_472' title='bbox 1192 4377 1360 4430; x_wconf 87' lang='lat' dir='ltr'>verba</span> <span class='ocrx_word' id='word_1_473' title='bbox 1410 4377 1643 4445; x_wconf 87' lang='lat' dir='ltr'>singulis</span> <span class='ocrx_word' id='word_1_474' title='bbox 1681 4378 1976 4432; x_wconf 87' lang='lat' dir='ltr'>canonibus</span> <span class='ocrx_word' id='word_1_475' title='bbox 2025 4378 2363 4434; x_wconf 89' lang='lat' dir='ltr'>restituenda</span> <span class='ocrx_word' id='word_1_476' title='bbox 2406 4379 2675 4449; x_wconf 87' lang='lat' dir='ltr'>putabant</span> <span class='ocrx_word' id='word_1_477' title='bbox 2689 4422 2702 4444; x_wconf 97' lang='lat'>,</span> <span class='ocrx_word' id='word_1_478' title='bbox 2757 4379 3034 4449; x_wconf 88' lang='lat' dir='ltr'>siquidem</span> 
     </span>
     <span class='ocr_line' id='line_1_46' title="bbox 367 4456 3035 4528; baseline 0.002 -19"><span class='ocrx_word' id='word_1_479' title='bbox 367 4457 596 4510; x_wconf 85' lang='lat' dir='ltr'>fontium</span> <span class='ocrx_word' id='word_1_480' title='bbox 634 4456 739 4511; x_wconf 92' lang='lat' dir='ltr'>loci</span> <span class='ocrx_word' id='word_1_481' title='bbox 777 4474 810 4510; x_wconf 87' lang='lat' dir='ltr'>a</span> <span class='ocrx_word' id='word_1_482' title='bbox 836 4456 1097 4511; x_wconf 81' lang='lat' dir='ltr'>Gratiano</span> <span class='ocrx_word' id='word_1_483' title='bbox 1133 4457 1339 4526; x_wconf 88' lang='lat' dir='ltr'>recepti</span> <span class='ocrx_word' id='word_1_484' title='bbox 1376 4458 1445 4511; x_wconf 83' lang='lat' dir='ltr'>ad</span> <span class='ocrx_word' id='word_1_485' title='bbox 1476 4458 1568 4528; x_wconf 86' lang='lat' dir='ltr'>jus</span> <span class='ocrx_word' id='word_1_486' title='bbox 1585 4494 1588 4497; x_wconf 85' lang='lat'><em>-</em></span> <span class='ocrx_word' id='word_1_487' title='bbox 1606 4458 2046 4513; x_wconf 90' lang='lat' dir='ltr'>constituendum</span> <span class='ocrx_word' id='word_1_488' title='bbox 2077 4458 2222 4512; x_wconf 90' lang='lat' dir='ltr'>idem</span> <span class='ocrx_word' id='word_1_489' title='bbox 2247 4459 2447 4524; x_wconf 86' lang='lat' dir='ltr'>valere,</span> <span class='ocrx_word' id='word_1_490' title='bbox 2487 4460 2629 4528; x_wconf 90' lang='lat' dir='ltr'>quod</span> <span class='ocrx_word' id='word_1_491' title='bbox 2666 4463 2844 4525; x_wconf 86' lang='lat' dir='ltr'>antea,</span> <span class='ocrx_word' id='word_1_492' title='bbox 2878 4460 3035 4515; x_wconf 89' lang='lat' dir='ltr'>nullo</span> 
     </span>
     <span class='ocr_line' id='line_1_47' title="bbox 367 4536 3036 4609; baseline 0.002 -21"><span class='ocrx_word' id='word_1_493' title='bbox 367 4536 523 4589; x_wconf 90' lang='lat' dir='ltr'>modo</span> <span class='ocrx_word' id='word_1_494' title='bbox 562 4536 835 4590; x_wconf 88' lang='lat' dir='ltr'>desierant</span> <span class='ocrx_word' id='word_1_495' title='bbox 850 4578 862 4599; x_wconf 92' lang='lat'>,</span> <span class='ocrx_word' id='word_1_496' title='bbox 914 4540 970 4590; x_wconf 89' lang='lat' dir='ltr'>et</span> <span class='ocrx_word' id='word_1_497' title='bbox 1006 4554 1146 4606; x_wconf 87' lang='lat' dir='ltr'>quae</span> <span class='ocrx_word' id='word_1_498' title='bbox 1182 4540 1393 4591; x_wconf 88' lang='lat' dir='ltr'>mutata</span> <span class='ocrx_word' id='word_1_499' title='bbox 1430 4540 1560 4591; x_wconf 92' lang='lat' dir='ltr'>sunt</span> <span class='ocrx_word' id='word_1_500' title='bbox 1596 4537 1664 4591; x_wconf 84' lang='lat' dir='ltr'>ab</span> <span class='ocrx_word' id='word_1_501' title='bbox 1701 4538 1795 4591; x_wconf 92' lang='lat' dir='ltr'>illo</span> <span class='ocrx_word' id='word_1_502' title='bbox 1811 4580 1825 4603; x_wconf 92' lang='lat'>,</span> <span class='ocrx_word' id='word_1_503' title='bbox 1882 4539 1951 4592; x_wconf 87' lang='lat' dir='ltr'>ad</span> <span class='ocrx_word' id='word_1_504' title='bbox 1986 4538 2165 4608; x_wconf 88' lang='lat' dir='ltr'>ipsum</span> <span class='ocrx_word' id='word_1_505' title='bbox 2197 4537 2290 4609; x_wconf 89' lang='lat' dir='ltr'>jus</span> <span class='ocrx_word' id='word_1_506' title='bbox 2326 4540 2644 4593; x_wconf 87' lang='lat' dir='ltr'>mutandum</span> <span class='ocrx_word' id='word_1_507' title='bbox 2681 4557 3036 4609; x_wconf 88' lang='lat' dir='ltr'>nequaquam</span> 
     </span>
     <span class='ocr_line' id='line_1_48' title="bbox 368 4615 756 4684; baseline 0.005 -16"><span class='ocrx_word' id='word_1_508' title='bbox 368 4615 756 4684; x_wconf 87' lang='lat' dir='ltr'>pertinebant.“</span> 
     </span>
    </p>

    <p class='ocr_par' dir='ltr' id='par_1_8' title="bbox 369 4696 3038 4847">
     <span class='ocr_line' id='line_1_49' title="bbox 549 4696 3038 4771; baseline 0.004 -22"><span class='ocrx_word' id='word_1_509' title='bbox 549 4699 569 4732; x_wconf 81' lang='lat'>³</span> <span class='ocrx_word' id='word_1_510' title='bbox 605 4697 766 4766; x_wconf 89' lang='lat' dir='ltr'>Apud</span> <span class='ocrx_word' id='word_1_511' title='bbox 811 4698 1072 4765; x_wconf 57' lang='lat' dir='ltr'>Theium,</span> <span class='ocrx_word' id='word_1_512' title='bbox 1123 4696 1543 4765; x_wconf 89' lang='lat' dir='ltr'>Disquisitiones</span> <span class='ocrx_word' id='word_1_513' title='bbox 1593 4697 1833 4752; x_wconf 87' lang='lat' dir='ltr'>criticae.</span> <span class='ocrx_word' id='word_1_514' title='bbox 1906 4698 2060 4752; x_wconf 88' lang='lat' dir='ltr'>Rom.</span> <span class='ocrx_word' id='word_1_515' title='bbox 2103 4698 2241 4753; x_wconf 88' lang='lat'>1836</span> <span class='ocrx_word' id='word_1_516' title='bbox 2262 4742 2276 4764; x_wconf 87' lang='lat'>,</span> <span class='ocrx_word' id='word_1_517' title='bbox 2332 4699 2577 4769; x_wconf 90' lang='lat' dir='ltr'>Append.</span> <span class='ocrx_word' id='word_1_518' title='bbox 2616 4698 2657 4753; x_wconf 91' lang='grc' dir='ltr'>Ι.</span> <span class='ocrx_word' id='word_1_519' title='bbox 2696 4717 2748 4770; x_wconf 93' lang='lat' dir='ltr'>p.</span> <span class='ocrx_word' id='word_1_520' title='bbox 2786 4700 2840 4755; x_wconf 86' lang='lat'>4.</span> <span class='ocrx_word' id='word_1_521' title='bbox 2880 4718 3038 4771; x_wconf 83' lang='lat' dir='ltr'>sqq.;</span> 
     </span>
     <span class='ocr_line' id='line_1_50' title="bbox 369 4775 2143 4847; baseline 0.001 -17"><span class='ocrx_word' id='word_1_522' title='bbox 369 4775 534 4830; x_wconf 89' lang='lat' dir='ltr'>etiam</span> <span class='ocrx_word' id='word_1_523' title='bbox 572 4777 714 4846; x_wconf 90' lang='lat' dir='ltr'>apud</span> <span class='ocrx_word' id='word_1_524' title='bbox 751 4778 1048 4844; x_wconf 74' lang='lat' dir='ltr'>Friedberq</span> <span class='ocrx_word' id='word_1_525' title='bbox 1083 4776 1138 4829; x_wconf 93' lang='lat' dir='ltr'>in</span> <span class='ocrx_word' id='word_1_526' title='bbox 1176 4776 1293 4831; x_wconf 87' lang='lat' dir='ltr'>citt.</span> <span class='ocrx_word' id='word_1_527' title='bbox 1331 4777 1572 4847; x_wconf 90' lang='lat' dir='ltr'>prolegg.</span> <span class='ocrx_word' id='word_1_528' title='bbox 1613 4778 1714 4832; x_wconf 89' lang='lat' dir='ltr'>col.</span> <span class='ocrx_word' id='word_1_529' title='bbox 1752 4778 2022 4832; x_wconf 90' lang='lat' dir='ltr'><strong>LXXVII.</strong></span> <span class='ocrx_word' id='word_1_530' title='bbox 2061 4795 2143 4847; x_wconf 87' lang='lat' dir='ltr'>sq.</span> 
     </span>
    </p>
   </div>
  </div>
 </body>
</html>
