3355 5328
437 304 541 360 128
1285 305 1423 359 Pars
1459 306 1527 360 H.
1580 304 1938 360 Collectiones
1975 305 2341 360 decretalium.

436 463 815 530 stitutiones
862 465 1341 533 ecclesiasticas
1358 516 1373 545 ,
1435 487 1605 549 quae
1664 470 1859 533 extra
1907 466 2057 531 illas
2102 465 2609 550 Compilationes
2654 465 3016 532 existerent
3042 465 3078 542 ¹,

438 565 508 628 et
551 562 936 628 nominatim
996 564 1358 630 decretales
1413 568 1482 630 et
1541 563 2046 631 constitutiones
2105 563 2309 649 ipsius
2354 564 2576 648 Papae
2623 565 2919 650 Greyorii
2963 563 3076 628 IX.

436 680 642 741 usque
688 661 773 725 ad
817 660 976 726 illud
1033 666 1293 747 tempus
1352 662 1565 729 editas
1582 713 1597 740 ,
1658 662 1918 728 unicam
1978 662 2332 728 adornaret
2385 660 2810 728 decretalium
2855 661 3081 727 collec-

435 755 683 823 tionem
700 807 714 835 ,
776 779 1050 842 eamque
1108 759 1205 826 ita
1250 764 1700 845 comparatam
1718 810 1733 839 ,
1794 764 1870 826 ut
1927 760 2309 843 indigentiis
2366 759 2541 825 illius
2600 759 2749 825 aevi
2797 759 3081 843 perfecte

436 855 854 922 satisfaceret
871 906 886 935 ,
947 857 1266 941 simulque
1324 859 1407 923 ab
1468 858 1644 924 omni
1704 862 1774 925 et
1819 858 2275 943 superfluitate
2320 862 2389 924 et
2449 857 2922 924 contrarietate
2967 856 3080 921 im-

435 953 649 1018 munis
696 958 890 1021 esset.

615 1049 822 1127 Quam
869 1052 1316 1119 collectionem
1361 1053 1790 1137 Raymundus
1836 1053 2098 1120 circiter
2151 1057 2464 1137 quattuor
2509 1073 2829 1118 annorum
2874 1051 3081 1135 spatio

437 1148 739 1216 absolvit.

1345 1306 1385 1392 §
1432 1305 1534 1374 70.
1626 1307 1790 1396 Ejus
1834 1308 2099 1375 nomina
2118 1306 2164 1373 ².

613 1463 793 1541 Quae
839 1467 1133 1534 collectio
1181 1490 1573 1553 quamquam
1619 1474 1888 1554 praeter
1934 1469 2297 1537 decretales
2327 1468 2640 1553 epistolas
2688 1467 2888 1534 etiam
2937 1489 3084 1534 con-

434 1560 811 1628 stitutiones
867 1565 1233 1649 pontificias
1255 1618 1269 1645 ‚
1335 1572 1519 1634 motu
1563 1567 1828 1652 proprio
1889 1568 2101 1633 editas
2124 1617 2138 1645 ,
2201 1571 2270 1633 et
2330 1586 2613 1632 canones
2658 1564 3083 1631 Conciliorum
3137 1634 3143 1641 ,

435 1659 726 1742 aliasque
772 1663 1201 1730 auctoritates
1248 1665 1728 1732 ecclesiasticas
1787 1665 2080 1732 continet
2098 1715 2113 1744 ,
2168 1669 2392 1731 tamen
2411 1714 2425 1743 ,
2488 1664 2641 1746 quia
2693 1663 2890 1745 longe
2951 1683 3084 1728 ma-

432 1756 615 1822 xima
662 1758 801 1841 ejus
844 1780 999 1843 pars
1030 1782 1068 1826 e
1099 1761 1534 1829 decretalibus
1580 1768 1861 1842 constat,
1912 1763 2208 1830 collectio
2256 1765 2666 1829 decretalium
2696 1762 3080 1845 appellatur.

432 1854 524 1919 Et
583 1855 735 1937 quia
786 1858 973 1940 jussu
1031 1862 1101 1924 et
1159 1860 1555 1928 auctoritate
1599 1862 1822 1946 Papae
1870 1861 2170 1943 Gregorii
2215 1861 2327 1926 IX.
2377 1860 2701 1926 adornata
2761 1862 2865 1924 est
2881 1908 2897 1936 ‚
2961 1858 3084 1923 col*

432 1951 628 2018 lectio
689 1954 1109 2021 decretalium
1168 1958 1276 2024 vel
1321 1958 1705 2025 Decretales
1750 1960 1974 2045 Papae
2020 1961 2316 2044 Greqorii
2361 1958 2484 2023 IX.
2535 1956 2789 2024 dicitur.
2882 1956 3083 2022 Porro

432 2049 687 2116 ratione
731 2053 1217 2135 praedictarum
1264 2059 1537 2142 quinque
1586 2058 2112 2142 Compilationum
2162 2055 2459 2123 collectio
2505 2055 2669 2120 haec
2718 2054 3084 2138 Compilatio

426 2157 610 2227 §emta
663 2149 772 2215 vel
833 2151 1033 2217 etiam
1090 2176 1255 2219 nova
1314 2154 1440 2219 dici
1500 2154 1669 2221 solet
1695 2151 1754 2231 ³3
1816 2155 2194 2239 praedictae
2253 2153 2535 2237 quinque
2582 2150 3083 2236 Compilationes

433 2250 653 2312 autem
699 2248 955 2314 ratione
998 2249 1190 2334 hujus
1249 2252 1651 2318 collectionis
1702 2253 2184 2338 Gompilationes
2244 2255 2547 2337 antiquae
2599 2250 3019 2334 appellantur
3040 2246 3081 2314 ⁴.

431 2343 522 2410 Et
569 2344 721 2426 quia
750 2346 933 2431 Papa
965 2347 1320 2430 Gregorius
1350 2350 1461 2415 IX.
1510 2349 1680 2416 hanc
1727 2350 2175 2417 collectionem
2218 2349 2288 2414 in
2332 2349 2546 2415 locum
2591 2348 2853 2413 illarum
2901 2347 3084 2430 quin-

433 2461 559 2522 que
605 2442 1147 2527 Compilationum
1204 2447 1513 2513 substitui
1571 2448 1782 2515 voluit
1807 2448 1854 2526 ⁵,
1916 2448 2013 2513 ita
2057 2452 2132 2515 ut
2179 2451 2355 2513 esset
2407 2444 2598 2511 unica
2644 2448 2713 2510 et
2759 2445 3084 2528 completa

433 2538 729 2606 collectio
777 2542 1063 2608 omnium
1108 2544 1532 2611 decretalium
1587 2550 1656 2612 et
1704 2545 2240 2612 constitutionum
2285 2542 2763 2628 pontificiarum
2776 2593 2790 2620 ‚
2854 2543 2941 2608 ad
2982 2543 3084 2626 jus

433 2636 944 2704 ecclesiasticum
989 2643 1298 2723 generale
1344 2641 1739 2727 (commune)
1785 2642 2251 2729 pertinentium
2270 2693 2285 2722 ‚
2345 2640 2414 2708 in
2456 2642 2739 2708 Decreto
2787 2638 3086 2708 Gratiani

430 2755 564 2799 non
609 2738 1220 2821 comprehensarum
1279 2762 1397 2806 seu
1445 2750 1626 2807 extra
1683 2742 1844 2807 illud
1889 2744 2260 2828 vayantium
2271 2794 2290 2826 ,
2352 2741 2498 2806 ideo
2557 2739 2760 2807 etiam
2820 2741 3084 2805 collectio

430 2852 547 2897 seu
593 2833 677 2897 lib
685 2857 752 2899 er
799 2843 978 2901 extra
1023 2835 1139 2919 (sc.
1189 2843 1382 2906 extra
1412 2840 1766 2906 Decretum
1800 2838 2120 2918 Gratiani,
2167 2860 2288 2923 per
2324 2837 2921 2904 abbreviationem:
2971 2834 3084 2917 X.)

428 2931 763 3015 appellata
808 2938 912 3000 est
936 2932 982 3001 ⁶.

1387 3110 1427 3196 ξ
1473 3108 1561 3178 71.
1653 3111 1816 3200 Ejus
1865 3110 2122 3179 divisio.

605 3267 835 3333 Divisa
880 3274 982 3336 est
1028 3271 1324 3338 collectio
1377 3273 1542 3338 haec
1560 3322 1574 3351 ‚
1638 3273 1724 3338 ad
1781 3273 1994 3339 instar
2040 3271 2583 3357 Compilationum
2645 3269 3083 3352 antiquarum,

426 3364 495 3430 in
541 3369 816 3452 quinque
860 3367 1083 3450 libros,
1147 3369 1257 3452 qui
1318 3369 1635 3436 subdivisi
1695 3374 1849 3437 sunt
1894 3371 1962 3436 in
2009 3373 2221 3436 titulos
2234 3422 2253 3454 ,
2314 3367 2750 3454 peculiaribus
2809 3366 3088 3432 rubricis

426 3462 801 3543 instructOS,
849 3466 1222 3533 summatim
1260 3469 1406 3547 185,
1456 3468 1567 3552 qui
1610 3491 1807 3553 porro
1855 3467 2168 3534 subdivisi
2200 3472 2354 3534 sunt
2399 3467 2467 3532 in
2499 3469 2733 3553 capita,
2779 3465 2967 3543 item,
3015 3467 3088 3529 ut

426 3561 793 3646 plurimum,
840 3562 1369 3649 inscriptionibus
1413 3565 1757 3645 instructa,
1803 3565 2161 3632 universim
2214 3568 2380 3631 1961
2413 3565 2456 3631 ⁷.

612 3740 631 3773 ¹
670 3739 897 3807 Schulw,
933 3739 1035 3793 Die
1072 3738 1400 3794 Geschichte
1438 3739 1534 3794 der
1570 3738 1815 3804 Quellen‚
1852 3743 1981 3794 tom.
2019 3740 2089 3794 H.
2127 3758 2179 3810 p.
2219 3740 2269 3793 9.

611 3819 631 3852 ²
666 3819 980 3888 Hostiensis,
1018 3818 1238 3873 Summa
1275 3837 1456 3873 aurea.
1495 3819 1758 3884 Prooem„
1796 3820 1879 3873 ed.
1917 3819 2090 3886 Lugd.
2134 3819 2288 3884 1568,
2324 3818 2418 3873 fol.
2457 3818 2505 3872 3.
2522 3817 2573 3872 b.

614 3897 632 3930 ³
675 3900 942 3951 Gonzalez
977 3901 1042 3952 de
1084 3902 1279 3967 Tellez‚
1332 3898 1629 3954 Comment.
1669 3903 1907 3970 perpet,
1944 3899 2002 3953 in
2038 3899 2129 3953 lib.
2171 3899 2266 3953 ΙΠ.
2304 3898 2390 3952 tit.
2426 3899 2479 3952 4.
2520 3914 2636 3968 cap.
2678 3897 2760 3951 11.
2798 3915 2852 3950 n.
2894 3898 2979 3960 l.;
3037 3895 3092 3949 in

430 3976 523 4030 lib.
562 3976 656 4030 ΠΙ.
694 3977 779 4031 tit.
819 3979 869 4031 5.
911 3996 954 4032 c.
998 3980 1043 4032 1.
1082 3997 1134 4033 n.
1175 3980 1225 4033 2.

609 4058 634 4092 4
670 4059 833 4111 Joan.
872 4059 1126 4111 Andreae
1141 4100 1157 4127 ‚
1209 4058 1438 4114 Novella
1488 4062 1772 4113 comment.
1810 4059 1868 4113 in
1905 4059 2131 4127 Gregor.
2168 4058 2262 4113 IX.
2302 4058 2550 4127 Quinque
2602 4056 2876 4112 decretall.
2916 4056 3093 4119 Libb„

430 4137 488 4191 in
525 4136 616 4192 cit.
654 4136 860 4190 bullam
895 4137 1171 4207 publicat„
1208 4157 1263 4192 v.
1301 4140 1435 4206 Rex,
1473 4138 1515 4192 Ι.
1552 4156 1606 4192 n.
1642 4139 1732 4192 42.

612 4219 632 4253 ⁵
670 4219 831 4271 Joan.
871 4219 1125 4271 Andreae
1159 4218 1194 4271 1.
1234 4236 1278 4273 c.
1317 4237 1371 4272 v.
1416 4220 1728 4288 Greyom‘us,
1766 4219 1808 4273 I.
1844 4237 1897 4273 n.
1942 4219 2042 4284 16.,
2081 4218 2411 4273 enumeratis
2446 4217 2557 4271 illis
2593 4216 2834 4286 quinque
2873 4214 3094 4287 Compi-

429 4298 723 4360 lationibus
760 4297 866 4351 ait:
911 4296 1021 4363 „De
1059 4297 1254 4365 quibus
1292 4298 1539 4353 omnibus
1577 4298 1875 4366 Gregorius
1910 4298 2045 4353 fecit
2079 4300 2293 4353 unam.“

611 4380 632 4414 ὃ
669 4380 833 4432 Joan.
862 4379 1116 4430 Andreae
1151 4377 1186 4431 1.
1226 4395 1272 4432 c.
1310 4396 1364 4432 v.
1399 4381 1533 4447 Rex,
1570 4380 1612 4433 I.
1649 4397 1703 4432 n.
1728 4380 1836 4444 40„
1875 4379 2124 4447 allegans
2151 4381 2369 4433 Petrum
2404 4380 2468 4431 de
2494 4375 2787 4445 Sampsone
2823 4379 2879 4430 et
2907 4379 3097 4431 Abba*-

433 4466 549 4527 lem,
588 4458 897 4513 canonistas
934 4475 1076 4512 saec.
1111 4458 1277 4523 XIII„
1315 4457 1417 4512 hoc
1452 4462 1706 4530 respectu
1743 4458 1850 4513 ait:
1910 4458 2042 4525 „Qui
2078 4458 2246 4513 etiam
2280 4458 2385 4513 hoc
2421 4458 2692 4522 dixerunt,
2731 4456 2873 4526 quod
2890 4499 2906 4521 ‚
2949 4456 3099 4511 sicut

431 4539 538 4592 iste
562 4538 698 4592 liber
737 4538 865 4592 olim
903 4537 1182 4592 dicebatur
1219 4538 1732 4605 Extravagantium,
1771 4538 1899 4607 qnia
1938 4538 2239 4593 decretales
2275 4539 2619 4607 vagabantur
2661 4537 2759 4605 (sc.
2799 4539 2965 4591 extra
2992 4537 3096 4591 De·

434 4621 641 4673 cretum
680 4618 971 4686 Gratiani),
1010 4660 1022 4672 .
1064 4660 1076 4672 .
1117 4661 1130 4673 .
1169 4617 1250 4671 sic
1286 4618 1452 4672 etiam
1486 4617 1645 4673 hodie
1686 4619 1791 4673 dici
1828 4619 1988 4674 debet
2024 4619 2311 4687 allegando
2327 4661 2340 4684 ,
2378 4627 2533 4673 extra
2547 4660 2564 4688 ‚
2601 4618 2758 4688 quasi
2797 4619 2963 4670 extra
3003 4634 3097 4671 vo·

432 4698 616 4753 lumen
652 4698 1050 4753 Decretorum.⁴‘
1130 4698 1240 4753 cfr.
1278 4700 1577 4752 Hostiemis
1612 4699 1648 4753 l.
1687 4715 1734 4753 c.

616 4781 633 4814 '¹
674 4779 782 4833 cfr.
824 4780 1035 4832 Schulte
1058 4778 1095 4832 1.
1122 4796 1168 4833 c.
1194 4797 1244 4848 p.
1276 4779 1389 4842 10.;
1426 4777 1555 4832 ibid.
1593 4797 1644 4849 p.
1675 4779 1758 4832 12.
1784 4782 1896 4834 not.
1926 4779 2008 4833 14.
2059 4778 2132 4833 Et
2167 4778 2386 4847 quidem
2409 4779 2500 4834 lib.
2527 4779 2569 4834 I.
2606 4778 2772 4833 habet
2793 4776 2909 4834 titt.
2937 4778 3016 4833 43
3042 4781 3101 4833 et
