3355 5328
1353 304 1531 375 sectio
1567 305 1635 359 n.
1688 305 1722 373 g
1759 306 1845 360 69.
2455 274 2459 278 ’
2823 305 2922 360 127

449 466 539 531 Et
583 465 794 549 primo
838 467 1097 548 quidem
1128 487 1354 532 earum
1383 466 1730 549 pluralitas
1768 467 1907 550 J‘am
1952 466 2242 550 ipsarum
2274 465 2767 548 acquisitionem
2799 465 2924 530 dif-

269 563 507 628 ficilem
552 563 871 630 reddebat
900 561 941 630 ¹.

450 661 598 726 Huc
645 661 916 741 accedit,
967 662 1139 744 quod
1183 662 1432 727 multae
1479 662 1843 727 decretales
1890 666 1958 728 et
1990 661 2489 727 constitutiones
2532 661 2925 745 pontificiae,

272 759 341 823 in
377 758 473 824 eis
503 759 777 837 relatae,
828 763 1018 826 erant
1063 759 1257 825 valde
1286 759 1604 843 prolixae,
1651 759 1750 825 ita
1794 763 1869 826 ut
1913 781 2033 844 pro
2063 759 2424 825 haurienda
2455 779 2540 823 ex
2571 758 2664 823 eis
2694 773 2942 824 norma·

266 855 437 940 juris
481 856 692 922 multa
738 877 964 922 earum
1009 857 1290 923 lectione
1336 878 1498 941 opus
1545 860 1739 923 esset.
1832 858 2037 923 Porro
2084 857 2253 923 aliae
2300 877 2524 922 earum
2570 860 2760 922 erant
2805 856 2929 921 sibi

272 954 553 1019 invicem
599 954 794 1020 valde
843 955 1087 1020 similes
1106 1005 1120 1034 ,
1168 955 1365 1020 immo
1412 954 1520 1020 vel
1567 954 1828 1020 omnino
1876 955 2203 1037 aequales,
2252 954 2422 1019 aliae
2468 956 2691 1018 autem
2734 953 2929 1038 plane

248 1051 676 1128 ,contrariae3
739 1053 808 1117 in
855 1053 1086 1134 quibus
1134 1052 1390 1118 casibus
1408 1103 1422 1130 ‚
1487 1056 1555 1118 et
1599 1052 1993 1136 praesertim
2037 1052 2106 1117 in
2151 1051 2381 1117 ultimo
2401 1101 2415 1130 ,
2478 1052 2687 1116 lector
2730 1071 2929 1134 saepe

273 1149 342 1214 in
387 1150 578 1231 gravi
616 1150 809 1215 dubio
840 1151 1251 1228 versabatur,
1302 1171 1498 1232 quam
1544 1170 1629 1215 ex
1674 1150 1804 1215 illis
1851 1149 2425 1216 constitutionibus
2472 1148 2929 1214 ecclesiasticis

276 1247 466 1330 sequi
513 1248 800 1313 deberet.

453 1345 809 1411 Praeterea
853 1345 921 1410 in
966 1345 1096 1410 illis
1129 1345 1707 1429 Compilationibus
1754 1349 1859 1412 sat
1905 1346 2150 1411 multae
2196 1345 2519 1427 genuinae
2566 1345 2930 1410 decretales

275 1446 345 1509 et
392 1443 892 1509 constitutiones
936 1443 1308 1527 pontificiae
1355 1444 1660 1521 deerant3
1720 1465 1847 1527 quo
1894 1464 2092 1527 saepe
2135 1444 2337 1509 fiebat
2354 1494 2368 1522 ,
2428 1446 2502 1508 ut
2546 1442 2698 1508 illae
2746 1464 2786 1508 a
2824 1443 2930 1526 ju-

276 1540 528 1606 dicibus
574 1540 1032 1607 ecclesiasticis
1077 1563 1198 1624 pro
1245 1541 1482 1624 spuriis
1540 1542 1940 1608 haberentur
2000 1544 2068 1607 et
2127 1541 2584 1624 rejicerentur;
2646 1540 2713 1605 id
2759 1541 2932 1623 quod

216 1627 224 1636 ’
276 1637 628 1705 intentioni
676 1639 1088 1704 Summorum
1132 1639 1521 1704 Pontificum
1567 1639 2061 1706 adversabatur.

459 1737 736 1819 Insuper
800 1739 906 1802 sat
969 1736 1215 1802 multae
1282 1737 1646 1803 decretales
1711 1741 1780 1803 et
1848 1736 2349 1803 constitutiones
2411 1735 2788 1820 pontificiae
2844 1735 2933 1800 ibi

275 1837 630 1899 contentae
674 1837 947 1917 propter
989 1833 1425 1900 mutationem
1482 1838 1854 1918 temporum
1901 1838 1969 1901 et
2028 1834 2536 1917 indigentiarum
2576 1835 2715 1918 jam
2762 1833 2933 1899 anti-

274 1935 541 2014 quatae,
589 1935 658 1997 et
702 1931 852 1996 hinc
897 1931 1055 1996 nulli
1103 1931 1381 2015 amplius
1426 1932 1494 1996 in
1539 1932 1684 1998 foro
1732 1932 2173 1999 ecclesiastico
2221 1932 2366 1997 usui
2413 1935 2603 1997 erant
2629 1929 2673 1997 ².

460 2028 702 2106 Quibus
733 2030 923 2095 malis
954 2033 1030 2096 ut
1067 2029 1390 2095 medelam
1435 2031 1721 2108 afferret,
1769 2031 1953 2113 Papa
1986 2032 2332 2116 Greyorius
2362 2030 2483 2095 IX.
2520 2028 2718 2110 (1227
2754 2051 2815 2095 u.
2851 2030 2935 2094 ad

281 2128 486 2210 1241)
534 2148 703 2194 anno
741 2130 911 2192 1230
943 2128 1281 2210 capellano
1316 2131 1383 2194 et
1413 2127 1918 2211 poenitentiario
1966 2149 2104 2206 suc,
2153 2129 2536 2214 Raymundo
2572 2129 2650 2192 de
2679 2127 2954 2216 Peraea-4

271 2226 446 2308 forte
471 2221 516 2309 ³,
579 2225 655 2291 O.
706 2225 769 2291 S.
818 2226 896 2290 D.
919 2276 933 2304 ,
994 2225 1334 2292 mandavit
1352 2276 1366 2305 ,
1427 2229 1502 2292 ut
1546 2236 1585 2291 e
1630 2225 1953 2310 praefatis
2009 2225 2291 2308 quinque
2338 2224 2933 2308 Compilationibus,

281 2323 678 2388 assumendo
723 2323 1007 2406 insuper,
1057 2327 1378 2405 quatenus
1411 2345 1572 2408 opus
1619 2327 1815 2402 esset,
1865 2323 2066 2389 etiam
2097 2323 2458 2389 decretales
2490 2326 2558 2388 et
2588 2322 2751 2387 alias
2783 2343 2936 2387 con-

468 2534 488 2566 1
526 2535 688 2586 Joan.
728 2536 1009 2602 Andreae,
1059 2530 1290 2585 Novella
1340 2534 1623 2585 comment.
1675 2531 1733 2584 in
1770 2531 1995 2598 Gregor.
2033 2529 2126 2583 IX.
2167 2529 2413 2598 Quinque
2452 2529 2727 2584 decretall.
2767 2530 2936 2594 Libb.,

278 2612 341 2666 in
393 2611 485 2667 cit.
537 2612 742 2667 bullam
792 2611 1200 2683 publicationis:
1255 2614 1374 2664 Rex
1409 2614 1702 2682 pacifica-3,
1757 2630 1810 2666 v.
1864 2613 2011 2680 Rex,
2049 2611 2089 2663 I.
2141 2628 2193 2663 n.
2233 2610 2318 2663 22.
2377 2609 2481 2679 (ed.
2533 2610 2727 2664 Venet.
2783 2610 2935 2676 1612,

277 2696 414 2747 tom.
454 2694 495 2746 I.
535 2693 625 2755 fol.
666 2694 765 2747 5.a
803 2693 901 2747 col.
941 2692 1014 2760 2.)

470 2783 491 2817 ²
530 2781 643 2848 Quo
681 2785 933 2851 respectu
970 2785 1133 2836 Joan.
1175 2784 1427 2835 Andreae
1477 2781 1512 2834 l.
1552 2799 1596 2835 c.
1638 2782 1704 2834 de
1756 2780 2071 2835 collectione
2124 2779 2476 2835 decretalium
2514 2779 2847 2847 Gregoriana
2883 2781 2941 2834 in

279 2861 551 2917 relatione
601 2862 671 2916 ad
724 2862 851 2916 illas
903 2862 1140 2931 quinque
1193 2861 1613 2931 Compilationes
1663 2860 1770 2915 ait:
1834 2861 2283 2927 „commendatur
2331 2860 2433 2914 hoc
2484 2878 2617 2929 opus
2674 2860 2771 2929 (sc.
2812 2860 2942 2915 Gre-

279 2960 402 3011 gor.
430 2941 547 3009 IX.)
578 2941 949 3012 principaliter
986 2945 1206 3012 propter
1246 2941 1364 2995 11110.
1415 2940 1596 2994 Primo
1622 2944 1843 3011 propter
1869 2940 2208 3010 dispendium
2234 2940 2579 3009 antiquarum
2606 2940 2940 2995 constitutio-

278 3040 435 3087 num,
475 3022 709 3076 secundo
733 3025 952 3091 propter
975 3021 1272 3075 utilitatem
1296 3023 1606 3075 novarum.“
1639 3051 1709 3057 —
1741 3020 2123 3091 „Dispendium
2147 3039 2277 3075 vero
2305 3020 2651 3089 antiquarum
2685 3021 2941 3074 consiste-

278 3103 383 3156 bat
419 3100 592 3171 primo
628 3101 685 3155 in
723 3101 1044 3155 diversitate
1080 3101 1432 3155 voluminum.
1489 3100 1733 3154 Secundo
1751 3105 1756 3112 ⁴
1771 3101 1828 3153 in
1863 3100 2030 3154 nimia
2068 3100 2438 3154 similitudine.
2509 3100 2691 3153 Tertio
2727 3100 2786 3153 in
2821 3119 2941 3154 con-

275 3181 588 3235 trarietate.
665 3180 867 3246 Quarto
917 3182 975 3234 in
1010 3180 1352 3251 prolixitate3
1406 3184 1461 3234 et
1500 3199 1569 3234 ex
1605 3181 1693 3234 his
1730 3184 1962 3249 quatuor
2012 3181 2370 3235 inducebatur
2414 3181 2671 3235 confusio.
2746 3180 2942 3246 Quinto

276 3263 341 3315 in
379 3260 761 3315 incertitudine
800 3279 870 3315 ex
907 3260 1214 3315 curialitate
1247 3261 1303 3330 (i.
1343 3279 1388 3315 e.
1427 3264 1610 3314 utrum
1646 3277 1838 3329 reapse
1877 3279 1909 3315 a
1936 3260 2099 3315 Curia
2123 3261 2367 3314 Romana
2403 3278 2502 3314 seu
2539 3260 2676 3314 Sede
2713 3261 2942 3329 Aposto-

278 3342 397 3396 lica
423 3340 788 3411 provenerint,
816 3359 885 3395 an
910 3340 1112 3408 secus).
1158 3340 1357 3395 Omisit
1387 3340 1485 3409 (sc.
1511 3340 1608 3394 illa
1632 3339 1783 3394 bulla
1807 3339 2209 3410 publicationis)
2240 3343 2473 3403 sextum,
2504 3340 2569 3394 de
2595 3339 2937 3393 inutilitate.“

473 3422 493 3456 ³
530 3422 585 3474 Is
612 3438 681 3473 ex
714 3419 881 3474 nobili
904 3420 1128 3485 familia,
1166 3420 1350 3488 regiae
1376 3420 1683 3487 Aragoniae
1717 3419 1957 3473 familiae
1984 3424 2231 3487 cognata,
2270 3420 2542 3484 oriundus,
2578 3423 2703 3489 post
2726 3437 2775 3473 a.
2805 3421 2944 3476 1180

281 3502 344 3554 in
384 3501 524 3564 1000,
563 3500 656 3567 qui
696 3500 893 3554 dicitur
931 3502 1274 3569 Pennaforte,
1312 3518 1477 3570 prope
1514 3500 1871 3553 Barcinonam
1907 3500 1965 3552 in
1998 3500 2262 3569 Hispania
2298 3502 2476 3563 natuS,
2516 3498 2777 3552 absolutis
2814 3500 2943 3552 Bar-

273 3582 513 3635 cinonae
550 3579 746 3633 studiis
783 3579 1171 3650 philosophicis
1209 3582 1265 3633 et
1298 3578 1645 3646 theologiciS,
1683 3579 1808 3632 inde
1846 3579 1913 3633 ab
1951 3597 1998 3633 a.
2041 3579 2176 3632 1211
2217 3578 2489 3632 Bononiae
2526 3578 2705 3632 studio
2742 3579 2940 3633 utrius-

276 3678 392 3729 que
441 3658 583 3729 juris
635 3676 853 3728 operam
904 3660 1054 3714 dedit
1102 3659 1285 3727 ibique
1337 3659 1588 3728 deinceps
1627 3659 1793 3713 etiam
1843 3659 1936 3730 jus
1988 3659 2302 3713 canonicum
2342 3659 2537 3713 docuit.
2610 3660 2765 3713 Anno
2807 3660 2944 3714 1219

273 3737 649 3793 Barcinonam
685 3756 956 3804 reversuS‚
993 3738 1156 3809 hujus
1194 3739 1454 3793 ecclesiae
1491 3738 1867 3805 canonicatum
1904 3739 2150 3804 obtinuit,
2190 3757 2296 3807 quo
2333 3757 2381 3793 a.
2422 3739 2560 3792 1222
2599 3739 2819 3793 dimisso
2846 3740 2943 3795 Or—

275 3820 471 3873 dinem
510 3818 563 3871 S.
601 3819 868 3873 Dominici
905 3819 1185 3887 ingressus
1223 3822 1324 3873 est.
1375 3819 1727 3873 Postmodum
1764 3837 1797 3873 a
1830 3819 1981 3889 Papa
2008 3819 2270 3887 Gregorio
2306 3819 2399 3873 IX.
2436 3820 2663 3873 Romam
2700 3823 2945 3884 vocatuS,

274 3899 609 3954 mandatum
646 3900 855 3968 accepit
870 3941 883 3963 ,
934 3916 1131 3953 novam
1167 3899 1308 3952 hanc
1346 3899 1720 3953 collectionem
1758 3899 2109 3953 decretalium
2160 3899 2469 3954 adornandi.
2544 3899 2661 3965 Qua
2699 3901 2947 3955 absoluta

275 3979 537 4033 oblatum
573 3978 675 4032 sibi
714 3996 746 4031 a
782 3978 934 4047 Papa
973 3978 1233 4047 Gregorio
1258 3979 1351 4032 IX.
1391 3979 1913 4049 archiepiscopatum
1950 3980 2407 4034 Tarraconensem
2444 3980 2687 4050 accipere
2731 3999 2945 4036 recusa-

274 4058 372 4112 vit
411 4060 470 4111 et-
505 4057 562 4110 in
586 4057 906 4128 Hispaniam
941 4058 998 4111 in
1033 4058 1420 4112 monasterium
1458 4077 1617 4113 suum
1652 4059 1829 4123 rediit,
1867 4060 1963 4114 ubi
1999 4078 2047 4115 a.
2077 4061 2214 4115 1238
2255 4060 2472 4115 Ordinis
2498 4060 2749 4131 Superior
2785 4078 2945 4129 gene-

272 4137 423 4193 ralis
463 4137 670 4191 electus
709 4141 820 4201 est;
875 4156 979 4206 quo
1017 4139 1163 4193 facto
1201 4139 1385 4192 sedem
1421 4157 1576 4193 suam
1614 4140 1818 4193 Romae
1855 4140 2158 4195 collocavit.
2233 4140 2350 4206 Quo
2385 4159 2606 4195 munere
2642 4145 2766 4211 post
2801 4142 2946 4194 bien-

274 4218 447 4272 nium
501 4221 721 4287 propter
774 4218 1143 4272 infirmitatem
1201 4219 1437 4288 corporis
1495 4218 1716 4273 dimisso
1739 4262 1752 4285 ,
1808 4220 1865 4272 in
1900 4220 2221 4290 Hispaniam
2273 4221 2330 4274 in
2366 4221 2752 4275 monasterium
2789 4239 2947 4275 suum

274 4314 552 4353 reversus
589 4301 689 4361 est,
727 4298 818 4351 ubi
858 4298 944 4351 die
982 4300 1031 4352 6.
1072 4298 1107 4352 J
1109 4299 1316 4353 anuarii
1357 4298 1496 4353 1275
1533 4299 1589 4352 in
1625 4300 1773 4353 fama
1809 4300 2118 4356 sanctitatis
2156 4301 2302 4356 obiit.
2376 4302 2642 4355 Processu
2678 4300 2947 4355 beatifica-

270 4377 458 4433 tionis
496 4377 614 4447 ejus
651 4378 719 4431 ad
756 4378 1072 4448 petitionem
1109 4378 1497 4449 archiepiscopi
1535 4379 1954 4434 Tarraconensis
2005 4381 2255 4436 inchoato
2306 4382 2422 4451 ipso
2462 4399 2509 4435 a.
2553 4382 2685 4435 1601
2726 4391 2759 4434 a
2796 4380 2947 4451 Papa

273 4459 575 4514 Clemente
611 4457 758 4511 VIII.
804 4458 1205 4527 (1592—1605)
1260 4459 1403 4512 inter
1453 4458 1681 4513 Sanctos
1731 4459 1937 4514 relatus
1988 4465 2088 4515 est.
2161 4462 2381 4516 Festum
2434 4461 2551 4531 ejus
2600 4460 2657 4513 in
2700 4460 2949 4515 Ecclesia

272 4537 602 4595 celebratur
654 4538 738 4592 die
777 4538 862 4592 23.
904 4538 938 4591 J
940 4538 1165 4593 anuarii.
1241 4538 1352 4593 cfr.
1396 4540 1580 4607 Quetif
1620 4548 1666 4592 et
1703 4542 1926 4593 Eehard
1939 4582 1955 4609 ,
2012 4540 2313 4611 Scriptores
2350 4540 2568 4595 Ordinis
2606 4540 2948 4596 Praedicato-

270 4636 431 4674 rum.
508 4616 665 4671 Paris
706 4619 843 4673 1719
880 4636 1019 4687 sqq„
1055 4622 1184 4672 tom.
1224 4620 1263 4671 Ι.
1303 4637 1354 4689 p.
1386 4619 1503 4674 106.
1542 4637 1693 4688 sqq.;
1732 4621 1990 4674 Nicolaus
2026 4623 2311 4690 Antoniae,
2349 4620 2684 4675 Bibliotheca
2722 4621 2948 4692 hispana

270 4703 492 4763 vetus,
545 4698 627 4751 ed.
684 4697 837 4752 Rom.
893 4699 1065 4763 1696,
1122 4702 1250 4752 tom.
1303 4699 1371 4753 Π.
1428 4718 1479 4769 p.
1525 4699 1612 4754 46.
1665 4717 1785 4768 sqq.
1807 4720 1820 4764 ;
1880 4702 2140 4769 Philzaps,
2194 4700 2616 4766 Kirchenrecht,
2671 4696 2800 4755 tom.
2853 4702 2947 4756 IV.

271 4799 333 4852 p.
381 4778 512 4831 257.
551 4794 702 4846 sqq.;
744 4779 971 4848 Schulte,
1009 4778 1109 4832 Die
1148 4778 1473 4833 Geschichte
1512 4780 1607 4834 der
1644 4779 1887 4846 Quellen,
1923 4783 2052 4835 tom.
2090 4781 2158 4834 II.
2196 4799 2248 4851 p.
2287 4781 2408 4836 408.
2447 4798 2527 4849 sq.
