3355 5328
363 316 470 372 248
958 319 1261 389 Appendix.
1337 321 1670 376 Introductio
1707 320 1764 374 in
1801 319 1958 390 Corp.
1992 320 2098 391 jur.
2138 320 2243 374 ciV.
2282 338 2412 375 rom.

362 478 549 544 sticis
597 475 999 544 anteriorum
1038 479 1653 563 jurisconsultorum
1692 502 2115 547 romanorum
2163 479 2379 546 omnia
2425 481 2558 560 illa,
2608 502 2776 563 quae
2822 483 3042 548 adhuc

365 577 513 641 usui
560 576 704 641 fore
751 575 1152 656 viderentur,
1202 580 1754 662 comprehendere
1802 579 2195 644 censebatur
2225 577 2265 644 ¹.

545 683 895 765 Designari
929 707 1091 768 opus
1137 684 1296 750 illud
1329 687 1497 751 solet
1543 686 1639 752 lit.
1674 688 1760 752 D.
1797 685 2143 771 (Diycsta),
2192 686 2299 751 vel
2344 686 2441 751 lit.
2476 687 2551 751 P.
2588 687 3035 771 (Pan-doctae),

360 781 469 846 vel
514 781 611 848 lit.
667 778 734 840 ΙΙ.
783 779 1155 865 (ΙΙανὸέκται)
1175 833 1189 860 ,
1246 784 1354 847 vel
1401 783 1601 850 etiam
1648 784 1891 850 litteris
1934 784 2006 866 ff.
2025 807 2052 866 ;
2112 804 2308 866 quam
2354 784 2651 850 ultimam
2701 805 2863 868 opus
2907 786 3039 851 hoc

363 878 748 961 designandi
806 878 1131 945 rationem
1193 901 1313 963 per
1373 903 1665 947 errorem
1726 881 2143 947 librariorum
2200 902 2237 946 e
2294 881 2390 947 lit.
2442 883 2528 947 Β.
2546 934 2565 966 ,
2630 903 2797 964 quae
2849 884 3035 966 justo

364 977 512 1061 plus
558 977 626 1042 in
685 977 1159 1059 longitudinem
1219 983 1561 1062 protracta
1608 984 1675 1046 et
1724 999 1843 1044 ceu
1897 980 2281 1045 abbreviatio
2326 979 2542 1044 vocis:
2603 982 2869 1065 Diqcsta
2912 1002 3038 1065 per

361 1075 648 1140 medium
694 1076 869 1141 linea
915 1075 1303 1142 horizontali
1348 1079 1632 1161 trajecta
1677 1077 1898 1156 fuerit,
1950 1082 2163 1144 ortam
2211 1098 2356 1143 esse
2402 1082 2640 1161 putant
2667 1074 2709 1144 ².

542 1182 619 1247 In
665 1182 949 1265 Corpore
990 1183 1155 1265 juris
1205 1183 1413 1248 civilis
1460 1184 1714 1249 romani
1745 1184 2025 1266 Digesta
2068 1184 2287 1268 posita
2332 1190 2485 1251 sunt
2531 1186 2673 1250 loco
2719 1188 3030 1266 secundO,

361 1279 643 1364 primum
688 1279 905 1344 locum
950 1281 1329 1347 tenentibus
1375 1282 1733 1347 Justiniani
1780 1283 2290 1358 Institutionibus
2315 1279 2360 1348 ³.

540 1387 770 1453 Divisa
830 1392 983 1453 sunt
1032 1389 1311 1470 Digesta
1370 1389 1437 1453 in
1487 1393 1571 1454 50
1619 1390 1812 1454 libros
1827 1414 1855 1472 ,·
1913 1388 2153 1471 singuli
2212 1388 2392 1468 libri,
2458 1391 2752 1474 exceptis
2798 1391 3028 1471 XXX„

363 1484 597 1551 XXXI.
650 1488 718 1550 et
763 1485 1029 1552 XXXII.
1051 1536 1065 1565 ‚
1130 1487 1444 1552 subdivisi
1493 1491 1647 1553 sunt
1692 1488 1760 1551 in
1807 1489 2049 1571 titulos,
2111 1488 2547 1571 peculiaribus
2603 1491 2878 1555 rubricis
2925 1490 3030 1555 in-

360 1582 660 1664 signitOS,
708 1605 771 1648 V.
821 1604 884 1664 g.
938 1586 1016 1648 dc
1063 1585 1526 1670 adoptionibuS,
1575 1586 1642 1649 in
1691 1607 1966 1667 quorum
2015 1585 2290 1666 singulis
2334 1586 2720 1671 fraqmcnta,
2771 1588 2855 1652 ad
2885 1609 3031 1653 ma-

248 1763 262 1773 ·
359 1680 596 1745 teriam
644 1681 995 1764 respectivi
1041 1682 1217 1748 tituli
1264 1683 1653 1766 spectantia,
1707 1683 2028 1747 collocata
2075 1685 2228 1747 sunt
2255 1681 2298 1748 ⁴.
2394 1682 2572 1758 Quae
2623 1683 3023 1765 fragmenta,

362 1776 515 1859 quia
560 1778 629 1842 in
675 1779 1057 1844 collectione
1099 1780 1266 1864 juris
1312 1781 1606 1863 publica,
1669 1802 1788 1845 seu
1834 1779 2035 1861 legali
2081 1778 2332 1845 inserta
2378 1784 2564 1858 sunt,
2618 1780 2819 1846 etiam
2867 1785 3029 1867 lcqcs

363 1874 489 1939 dici
537 1878 605 1941 et
652 1876 846 1941 scribi
895 1878 1128 1944 solent.

461 1992 469 2000 '
537 1982 996 2050 Praemittitur
1040 1984 1314 2068 sin'gulis
1360 1984 1756 2066 fragmentis
1803 2005 2041 2049 nomen
2091 1989 2366 2050 auctoris
2414 2006 2492 2050 ac
2536 1985 2770 2050 titulus
2817 1989 3027 2071 operis

361 2084 429 2145 et
474 2103 783 2147 numerus
831 2083 982 2148 libri
1026 2083 1218 2166 hujus
1266 2083 1501 2168 operia
1552 2104 1588 2147 e
1622 2104 1749 2165 quo
1796 2083 1955 2147 illud
1987 2083 2433 2164 fragmentum
2467 2087 2850 2168 excerptum
2899 2089 3022 2151 est.

539 2189 744 2253 Porro
792 2189 1051 2271 singula
1098 2189 1508 2273 fragmenta,
1562 2189 1616 2254 si
1664 2193 1819 2254 sunt
1866 2189 2273 2271 aliquantum
2320 2190 2649 2271 longiora,
2713 2190 3028 2257 distincta

359 2288 514 2351 sunt
573 2286 641 2350 in
690 2289 1144 2373 para-qraphos
1191 2286 1343 2369 (ἐξ).
1437 2288 1560 2353 Illa
1620 2287 1979 2368 fragmenti
2038 2287 2395 2371 particula,
2459 2310 2626 2371 quae
2685 2288 3026 2372 praecedit

357 2385 851 2469 paragraphum
900 2389 1189 2470 primam
1201 2438 1221 2469 ,
1288 2385 1646 2467 fragmenti
1695 2387 2097 2471 principium
2158 2384 2394 2450 dicitur
2460 2389 2527 2451 et
2585 2385 2859 2451 litteris:
2910 2411 3022 2473 pr.

361 2481 763 2566 designatur.

536 2589 740 2656 Citari
784 2590 1064 2673 Digesta
1111 2592 1257 2656 olim
1304 2594 1785 2656 consueverunt
1844 2591 1967 2656 hoc
2020 2591 2246 2656 modo:
2308 2592 2388 2656 D.
2417 2592 2442 2629 5
2491 2592 2570 2655 de
2617 2594 2799 2657 statu
2845 2591 3020 2658 hom.

357 2688 400 2753 1.
432 2688 754 2755 Libertas
791 2690 825 2771 ἓ
862 2689 1067 2756 Servi.
1102 2726 1192 2735 —
1224 2691 1286 2756 ff.
1322 2690 1620 2757 Mandati
1649 2691 1761 2755 vel
1805 2694 2053 2756 contra.
2088 2691 2130 2755 1.
2167 2689 2500 2772 Obligatio
2557 2690 2870 2756 mandati.
2919 2713 3020 2775 pr.

538 2796 814 2862 Numeri
860 2799 1010 2862 libri
1059 2801 1126 2864 et
1173 2801 1358 2882 tituli,
1407 2799 1476 2862 in
1522 2798 1756 2880 quibus
1801 2798 1983 2863 locus
2031 2797 2272 2863 citatus
2312 2797 2615 2876 occurrit,
2663 2798 3024 2880 quaerendi

358 2897 514 2960 sunt
559 2893 627 2958 in
674 2895 1086 2979 alphabetico
1133 2895 1344 2961 indice
1376 2897 1782 2962 rubricarum
1828 2895 2189 2973 titulorum,
2239 2894 2379 2959 sive
2401 2898 2815 2980 particulari,
2865 2896 3023 2961 solis

357 2991 651 3074 Digestis
695 2993 960 3077 proprio
995 2993 1366 3076 eisdemque
1413 2994 1480 3059 in
1511 2993 1950 3078 peculiaribus
1987 2993 2161 3058 foliis
2193 2993 2463 3071 insertO,
2512 2993 2652 3058 sive
2685 2997 3022 3078 communi,

356 3109 478 3171 pro
528 3090 825 3155 omnibus
870 3090 1170 3174 partibus
1218 3092 1521 3176 Corporis
1560 3093 1728 3175 juris
1776 3091 1985 3156 civilis
2031 3090 2287 3156 romani
2333 3091 2671 3168 adornat0‚
2722 3091 2833 3173 qui
2879 3091 3025 3173 qui-

360 3186 507 3252 dem
554 3209 595 3253 a
640 3188 859 3254 fronte
909 3189 1061 3254 dicti
1096 3190 1398 3273 Corporis
1438 3191 1605 3273 juris
1650 3190 1906 3274 positus
1954 3210 2097 3254 esse
2146 3190 2333 3255 solet.
2407 3189 2757 3265 Quaeritur
2797 3192 3022 3255 autem

357 3284 425 3349 in
469 3286 773 3370 praefato
820 3287 1033 3352 indice
1080 3288 1311 3353 eadem
1357 3289 1613 3354 ratione
1633 3338 1647 3366 ,
1712 3287 1808 3352 uti
1868 3288 1990 3352 hoc
2050 3291 2355 3370 respectu
2403 3287 2482 3351 de
2531 3287 3022 3353 collectionibus

358 3383 786 3450 decretalium
833 3407 1032 3469 supra
1079 3385 1168 3469 (p.
1223 3389 1369 3452 100.
1420 3385 1591 3468 sqq.)
1642 3385 1923 3450 diximus
1952 3384 1995 3451 ⁶.
2073 3386 2151 3450 In
2193 3385 2406 3450 indice
2452 3385 2795 3451 titulorum
2842 3407 3023 3451 com-

356 3482 538 3546 muni
576 3483 1174 3561 determinationeS,
1211 3485 1294 3550 ad
1325 3486 1592 3569 Diycsta
1628 3488 2028 3567 spectantes,
2076 3483 2424 3565 signantur
2466 3483 2563 3549 lit.
2598 3484 2677 3549 D.
2726 3482 2867 3559 Qua
2910 3505 3022 3549 ra-

356 3579 537 3645 tione
582 3580 761 3664 prior
807 3582 1097 3646 locorum
1143 3603 1344 3664 supra
1375 3581 1727 3647 citatorum
1766 3581 2171 3663 dignoscitur
2200 3581 2435 3646 referri
2465 3581 2533 3646 in
2563 3581 2671 3646 lib.
2706 3581 2756 3647 I.
2788 3580 2897 3647 tit.
2934 3584 3019 3660 5.,

358 3677 531 3742 alter
573 3678 642 3743 in
686 3679 796 3744 lib.
847 3679 1054 3744 XVII.
1104 3679 1208 3745 tit.
1265 3682 1320 3744 1.

539 3907 560 3941 ¹
596 3908 773 3974 Huqo,
817 3907 1104 3961 Lehrbuch
1142 3908 1237 3961 der
1270 3906 1599 3961 Geschichte
1637 3908 1734 3961 des
1770 3914 1903 3960 rom.
1942 3906 2148 3960 Rechts
2185 3906 2270 3960 bis
2307 3906 2407 3960 auf
2440 3905 2733 3970 Justinjan,
2770 3909 2910 3977 part.
2948 3907 3019 3961 H.

356 4001 408 4055 p.
438 3986 558 4040 766.
587 4003 737 4055 sqq.;
764 3989 1001 4057 Kriiyer,
1029 3986 1359 4041 Geschichte
1385 3987 1481 4041 der
1507 3986 1736 4052 Quellen
1773 4005 1825 4040 u.
1851 3986 2152 4040 Litteratur
2179 3987 2273 4040 des
2299 3993 2431 4041 rom.
2458 3986 2679 4052 Rechts,
2706 4004 2756 4057 p.
2785 3987 2906 4041 324.
2933 4004 3018 4056 sq.

538 4075 560 4111 ²
596 4077 922 4146 Mackcldey‚
961 4076 1248 4131 Lehrbuch
1286 4078 1382 4130 des
1417 4085 1551 4131 rom.
1591 4076 1813 4141 Rechts,
1850 4079 1981 4130 tom.
2020 4076 2060 4129 I.
2099 4094 2151 4145 p.
2192 4077 2275 4129 71.
2314 4079 2424 4129 not.
2464 4093 2509 4129 c.

539 4157 560 4191 ⁸
596 4155 678 4210 De
716 4156 914 4224 quibus
952 4157 1095 4210 infra
1133 4157 1165 4224 ξ
1208 4158 1288 4211 16.

542 4237 567 4273 ⁴
603 4235 719 4302 Quo
758 4240 949 4291 ordine
972 4237 1049 4290 ibi
1075 4237 1222 4291 dicta
1247 4237 1556 4304 fragmenta
1580 4235 1762 4306 posita
1785 4235 1913 4300 sint,
1953 4236 2018 4289 de
2044 4253 2106 4289 eo
2131 4235 2259 4289 vide
2284 4237 2506 4302 Kriiyer
2530 4234 2565 4287 l.
2594 4252 2638 4288 c.
2666 4252 2717 4305 p.
2746 4234 2866 4288 335.
2895 4251 3017 4304 sqq.

540 4318 562 4353 ⁵
599 4316 738 4371 Loco
775 4317 856 4372 lit.
895 4317 960 4371 D.
998 4318 1339 4387 ponebantur
1376 4316 1542 4370 etiam
1578 4317 1660 4370 lit.
1704 4318 1762 4370 P.
1799 4316 1891 4369 vel
1933 4313 1991 4380 Π,
2028 4314 2352 4385 praesertim
2388 4318 2573 4368 autem
2607 4314 2714 4368 litt.
2750 4317 2813 4382 ff.

539 4406 559 4442 ⁶
595 4406 764 4461 Porro
814 4407 873 4459 in
923 4406 1100 4460 indice
1149 4405 1491 4460 rubricarum
1527 4404 1816 4459 titulorum
1853 4408 2148 4474 communi,
2200 4402 2475 4457 nonnullis
2526 4402 2852 4457 editionibus
2892 4404 3019 4458 Cor-

357 4484 505 4555 poris
551 4485 692 4556 juris
744 4486 923 4540 civilis
959 4485 1168 4539 romani
1185 4528 1197 4550 ,
1250 4488 1306 4540 et
1354 4485 1674 4539 nominatim
1724 4484 1836 4538 illis
1852 4527 1865 4551 ,
1918 4501 2055 4553 quas
2107 4483 2306 4538 eruditi
2342 4486 2639 4552 Dionysius
2689 4486 2746 4537 et
2781 4486 3020 4538 Jacobus

365 4566 726 4632 Gothofrcdus
762 4570 1095 4621 curaverunt
1111 4608 1122 4630 ,
1170 4565 1443 4636 apposit0‚
1481 4566 1781 4619 secundum
1818 4566 2104 4634 quamlibet
2140 4582 2332 4618 vocem
2366 4563 2630 4627 rubricae,
2669 4563 3018 4631 aliquatenus

358 4647 658 4714 notabam,
696 4645 886 4715 quaeri
921 4649 1117 4716 potest.
1179 4647 1247 4700 V.
1287 4663 1339 4713 g.
1378 4646 1588 4699 ratione
1627 4645 1811 4699 citati:
1875 4645 1940 4711 „l.
1984 4646 2030 4698 1.
2068 4645 2133 4698 D.
2174 4645 2239 4699 de
2278 4643 2655 4714 adoptionibus
2692 4647 2748 4696 et
2785 4644 3017 4697 emanci-

360 4723 676 4795 pationibus
714 4730 770 4780 et
808 4726 931 4780 aliis
966 4726 1157 4791 modia
1198 4726 1394 4794 quibus
1420 4728 1665 4796 potestas
1703 4725 1987 4789 solvitur⁴‘,
2026 4725 2215 4793 quaeri
2251 4724 2308 4779 in
2344 4723 2653 4795 hujusmodi
2686 4723 2866 4778 indice
2905 4727 3019 4794 pot·

363 4807 452 4859 est
490 4806 791 4859 secundum
830 4823 978 4860 voc.:
1019 4809 1412 4875 adopt-ionibuS,
1450 4806 1540 4859 vel
1579 4806 2110 4874 emancipationibus,
2148 4805 2241 4859 vel
2271 4813 2519 4874 pote-stae,
2556 4804 2648 4858 vel
2679 4807 2924 4858 solvitur.
