3355 5328
1471 295 1649 365 Caput
1684 296 1727 350 Ι.
1779 296 1812 363 ὅ
1853 296 1937 349 15.
2930 294 3035 348 247

552 456 913 539 Postquam
959 455 1394 521 Tribonianus
1440 456 1509 520 vi
1555 455 1811 541 accepti
1859 457 1942 522 ab
1987 457 2396 540 Imperatore
2428 454 2471 519 J
2473 453 2803 519 ustiniano
2849 476 3038 520 man-

374 554 513 621 dati
560 554 770 619 socios
816 555 1008 638 hujus
1052 553 1297 619 laboris
1358 554 1483 619 sibi
1542 554 1875 636 selegerat
1904 553 1947 633 ¹,
2010 575 2156 618 cum
2204 552 2299 617 eis
2347 552 2594 634 absque
2640 573 2827 617 mora
2874 574 3036 637 opus

373 653 864 734 exsequendum
922 651 1227 735 suscepit.
1323 651 1662 734 Quumque
1722 652 1792 718 in
1851 673 1929 717 eo
1989 650 2406 733 exsequendo
2468 649 2642 715 circa
2699 650 3036 734 opiniones

373 749 793 833 antiquorum
832 749 1448 834 jurisconsultorum
1493 750 1561 814 in
1607 771 1885 832 gravem
1946 749 2403 815 difficultatem
2452 748 2745 813 venisset
2762 799 2777 827 ,
2839 770 3036 831 quam

370 848 514 932 ipse
559 848 815 913 solvere
862 869 993 912 non
1051 846 1320 914 valebat
1338 898 1353 926 ,
1416 868 1557 912 rem
1618 848 1703 913 ad
1749 848 1792 913 J
1794 847 2196 913 ustinianum
2241 846 2719 929 Imperatorem
2778 846 3033 927 detulit,

373 946 483 1028 qui
530 966 678 1011 eam
723 945 990 1029 speciali
1036 944 1365 1011 decisione
1411 946 1652 1011 emissa
1701 945 2013 1012 definivit.
2092 944 2467 1028 Cujusmodi
2515 943 2874 1010 decisiones
2915 945 3036 1011 Ju-

372 1044 715 1122 stinianus,
763 1047 945 1110 recte
978 1044 1145 1109 'dum
1176 1043 1299 1108 hoc
1344 1065 1507 1127 opus
1539 1044 2006 1122 adornabatur,
2056 1042 2340 1108 sedecim
2387 1042 2623 1120 emisit,
2675 1063 2871 1124 quum
2896 1044 3035 1127 J'am

370 1142 571 1226 priuS,
620 1163 817 1224 quam
862 1142 1035 1207 idem
1084 1162 1247 1225 opus
1293 1142 1601 1207 adornari
1650 1146 1954 1225 coeptum
2002 1145 2132 1219 est,
2182 1140 2460 1223 triginta
2508 1143 2820 1224 quattuor
2863 1141 3037 1207 tales

372 1240 731 1306 decisiones
776 1261 895 1323 pro
956 1239 1282 1306 solutione
1342 1240 1685 1306 dubiorum
1745 1240 1920 1306 circa
1980 1239 2317 1324 opiniones
2378 1239 2795 1321 antiquorum
2836 1238 3037 1323 juris-

372 1338 817 1404 consultorum
863 1358 1283 1403 romanorum
1331 1338 1660 1405 edidisset.

551 1436 752 1519 OpuS,
801 1457 842 1500 a
886 1434 1206 1519 praefatis
1252 1435 1416 1501 viris
1463 1436 1726 1502 circiter
1771 1435 1987 1520 spatio
2032 1436 2234 1502 trium
2282 1456 2599 1500 annorum
2642 1436 3033 1515 absolutum,

369 1534 740 1618 Imperator
784 1534 828 1598 J
829 1533 1196 1600 ustinianus
1243 1533 1672 1617 approbavit,
1724 1536 1791 1599 et
1839 1537 2082 1600 const:
2140 1535 2382 1616 Tanta,
2432 1536 2501 1598 et
2550 1535 2720 1598 alia.-
2774 1529 3035 1593 Δέὸωκεν

372 1632 627 1713 (Dedit)
643 1683 662 1717 ,
720 1635 1001 1712 utraque
1050 1632 1109 1697 d.
1160 1632 1220 1697 d.
1276 1633 1377 1698 16.
1427 1633 1582 1697 Dec.
1634 1634 1800 1711 533,
1857 1635 2177 1713 tanquam
2238 1630 2688 1696 collectionem
2727 1629 2893 1714 juris
2938 1630 3034 1695 le-

369 1730 588 1812 galem
634 1748 752 1795 seu
798 1729 1246 1796 authenticam
1291 1730 1655 1813 publicavit
1673 1780 1688 1808 ,
1742 1733 2077 1808 statuenS,
2140 1732 2216 1795 ut
2264 1751 2427 1812 opus
2472 1727 2596 1794 hoc
2645 1728 2796 1793 inde
2843 1751 2883 1794 a
2931 1729 3035 1795 die

371 1828 476 1893 30.
511 1828 667 1893 Dec.
704 1828 994 1910 ejusdem
1026 1848 1086 1893 a.
1122 1829 1252 1892 533
1299 1828 1435 1892 vim
1482 1827 1816 1909 obligandi
1865 1827 2214 1906 obtineret,
2263 1826 2583 1908 simulque
2612 1826 3032 1906 interdicens,

368 1945 452 1989 ne
499 1945 584 1989 ex
629 1928 787 1990 tunc
833 1924 1112 2008 amplius
1158 1925 1419 1990 illorum
1482 1946 1755 2009 operum
1794 1925 2241 2008 juristicorum
2261 1975 2275 2002 ,
2338 1945 2375 1989 e
2423 1923 2655 2006 quibus
2703 1946 2865 2008 opus
2911 1926 3035 1990 hoc

370 2022 715 2088 collectum
762 2026 883 2101 est,
932 2022 1000 2087 in
1047 2021 1192 2087 foro
1232 2023 1399 2107 juris
1446 2044 1603 2087 usus
1649 2025 1857 2089 fieret.
1929 2023 2133 2087 Porro
2165 2023 2208 2088 J
2211 2022 2577 2088 ustinianus
2625 2021 2846 2087 citatis
2879 2044 3033 2088 con-

368 2120 818 2187 stitutionibus
866 2118 930 2201 (§
979 2122 1114 2202 22.)
1142 2119 1166 2159 ²
1216 2121 1464 2199 vetuit,
1526 2121 1700 2186 idem
1749 2142 1911 2204 opus
1956 2142 2192 2185 vocum
2242 2119 2639 2203 compendiis
2686 2141 2801 2185 seu
2848 2120 3033 2202 siglis

368 2218 584 2284 scribi.
677 2218 844 2283 Item
868 2267 883 2296 ,
949 2239 1033 2283 ne
1094 2239 1180 2283 ex
1240 2218 1630 2286 diversitate
1694 2219 2068 2302 opinionum
2128 2218 2535 2283 diversorum
2594 2216 3032 2302 interpretum

369 2317 579 2382 denuo
620 2315 786 2399 juris
834 2315 1126 2381 confusio
1175 2316 1476 2396 oriretur,
1524 2316 1847 2400 praefatis
1894 2316 2467 2383 constitutionibus
2514 2314 2578 2397 (ἓ
2619 2315 2754 2398 21.)
2802 2337 3033 2382 severe

364 2414 717 2499 prohibuit,
767 2414 1110 2496 quominus
1158 2414 1302 2496 quis
1343 2415 1958 2498 jurisconsultorum
1989 2413 2402 2497 privatorum
2449 2435 2648 2497 super
2680 2414 2805 2479 hoc
2837 2436 3033 2498 opere

365 2512 535 2577 uHos
582 2512 1085 2577 commentarios
1132 2513 1447 2595 evulgare
1494 2513 1789 2592 auderet,
1841 2517 1909 2578 et
1954 2513 2410 2578 tantummodo
2456 2512 2523 2576 id
2575 2512 2667 2577 eis
2713 2512 3029 2596 permisit,

365 2614 442 2677 ut
486 2610 700 2695 ipsum
747 2610 1148 2676 verbotenus
1195 2608 1368 2693 (κατὰ
1413 2607 1589 2693 πόδα)
1635 2611 1705 2677 in
1738 2631 2048 2694 graecum
2094 2613 2435 2678 verterent
2473 2616 2541 2678 et
2586 2611 2765 2677 locos
2810 2612 3032 2695 paral-

363 2709 530 2775 lelos
589 2729 667 2774 ac
727 2709 1082 2775 summaria
1140 2710 1480 2776 titulorum
1543 2708 1910 2792 (παράτιτλα)
1974 2710 2034 2774 ei
2099 2711 2565 2794 adjungerent3
2632 2710 3031 2794 interpreta-

363 2806 612 2874 tionem
661 2806 950 2890 ejusdem
998 2808 1235 2891 operiS,
1285 2807 1340 2872 si
1389 2829 1517 2890 qua
1565 2829 1729 2892 opus
1775 2807 1968 2887 foret,
2017 2808 2140 2873 sibi
2188 2808 2310 2874 soli
2356 2808 2744 2874 reservavit.

545 2905 802 2971 Dicitur
864 2906 987 2971 hoc
1052 2928 1214 2990 opus
1273 2907 1539 2990 Diyesta
1558 2958 1576 2990 ,
1645 2928 1772 2988 quo
1836 2906 2098 2971 nomine
2156 2908 2293 2990 J'am
2359 2906 2774 2988 antiquorum
2832 2905 3032 2990 juris-

368 3004 812 3069 consultorum
857 3025 1276 3069 romanorum
1310 3025 1510 3087 opera
1549 3003 1852 3088 juristica
1886 3005 2223 3088 ampliora,
2272 3004 2339 3069 in
2384 3010 2611 3088 partes
2658 3004 3028 3084 distributa,

366 3101 685 3186 appellari
731 3105 1246 3178 consueverunt3
1294 3102 1454 3170 item
1501 3104 1867 3168 Pandectae
1911 3100 2304 3187 (Πανδέκται),
2355 3124 2391 3168 e
2433 3124 2672 3185 graeco
2719 3107 2829 3164 πᾶν
2877 3102 3031 3184 (πᾶς,

363 3201 539 3269 πᾶσα,
583 3198 721 3281 πᾶν)
769 3202 838 3266 et
884 3198 1130 3281 δέχομαι
1176 3198 1606 3284 (complector
1625 3251 1639 3279 ,
1692 3200 2217 3285 comprehendo),
2281 3201 2434 3283 quia
2480 3222 2517 3266 e
2563 3201 2825 3285 scriptis
2865 3199 3030 3283 juri-

367 3402 454 3453 est
489 3399 798 3453 reverentia
814 3442 827 3465 ,
880 3402 945 3453 ut
989 3399 1207 3454 nomina
1243 3400 1601 3455 Prudentium
1658 3399 1716 3469 (i.
1757 3419 1802 3454 e.
1836 3399 2371 3471 jurisconsultorum)
2412 3399 2778 3454 taciturnitati
2812 3401 3029 3455 tradere

366 3479 516 3533 nullo
553 3479 827 3550 patiamur
862 3480 1049 3534 modo:
1101 3481 1199 3535 sed
1249 3480 1624 3550 unusquisque
1676 3499 1863 3535 eorum
1878 3523 1891 3547 ,
1945 3481 2039 3551 qui
2090 3484 2279 3535 auctor
2315 3480 2479 3548 Legis
2515 3479 2622 3534 fuit
2637 3523 2650 3546 ,
2698 3479 2901 3535 nostris
2936 3480 3028 3535 Di-

366 3560 541 3627 gestis
576 3559 874 3630 inscriptus
911 3563 998 3614 est
1012 3581 1025 3625 ;
1063 3561 1166 3615 hoc
1202 3563 1576 3615 tantummodo
1616 3580 1649 3614 a
1686 3562 1843 3616 nobis
1880 3563 2088 3626 effecto,
2127 3565 2205 3626 ut,
2242 3561 2291 3615 si
2329 3561 2459 3630 quid
2495 3560 2552 3615 in
2587 3560 2803 3629 legibus
2841 3579 3028 3616 eorum

367 3640 459 3693 vel
495 3657 895 3710 supervacuum
946 3640 1038 3694 vel
1073 3640 1454 3711 imperfectum
1505 3641 1597 3695 vel
1633 3641 1815 3694 minus
1851 3640 2102 3696 idoneum
2139 3641 2321 3695 visum
2358 3645 2444 3695 est
2459 3684 2471 3705 ,
2528 3641 2618 3694 vel
2670 3642 3028 3712 adjectionem

365 3720 460 3774 vel
497 3720 920 3774 deminutionem
955 3721 1324 3775 necessariam
1363 3721 1612 3791 accipiat,
1652 3724 1709 3775 et
1743 3720 2067 3775 rectissimis
2102 3722 2354 3776 tradatur
2390 3722 2613 3788 regulis,
2653 3726 2709 3777 et
2745 3722 2802 3776 in
2836 3723 3027 3778 multis

366 3800 636 3854 similibus
672 3800 765 3854 vel
802 3800 1104 3865 contrariiS,
1144 3802 1288 3870 quod
1324 3801 1531 3856 rectius
1569 3801 1769 3855 habere
1807 3802 2129 3872 apparebat,
2167 3801 2269 3855 hoc
2304 3820 2402 3872 pro
2440 3801 2563 3855 aliis
2600 3802 2849 3857 omnibus
2885 3803 3026 3874 posi·

364 3882 484 3934 tum
522 3883 608 3934 est
622 3923 636 3945 ,
688 3897 904 3949 unaque
941 3880 1190 3935 omnibus
1242 3881 1569 3936 auctoritate
1605 3881 1847 3946 indulta;
1900 3885 1964 3936 ut
1978 3924 1991 3947 ,
2044 3881 2310 3950 quidquid
2346 3881 2422 3935 ibi
2457 3882 2723 3952 scriptum
2760 3886 2870 3948 est,
2920 3883 3025 3939 hoc

365 3963 613 4014 nostrum
659 3963 950 4031 appareat,
1006 3963 1063 4014 et
1113 3979 1183 4015 ex
1233 3964 1421 4016 nostra
1467 3962 1753 4017 voluntate
1806 3961 2212 4032 compositum.“
2259 4003 2271 4016 .
2312 4003 2324 4015 .
2366 4003 2378 4015 .
2424 3962 2773 4028 „Nominibus
2823 3964 3025 4018 etenim

365 4040 646 4095 veteribus
681 4040 888 4095 relictis
905 4083 918 4105 ,
974 4040 1237 4110 quidquid
1273 4042 1483 4109 Legum
1543 4042 1766 4097 veritati
1818 4043 2072 4096 decorum
2128 4045 2184 4096 et
2237 4042 2607 4096 necessarium
2660 4043 2870 4108 fuerat,
2921 4045 3025 4100 hoc

364 4121 568 4175 nostris
606 4120 1072 4175 emendationibus
1121 4121 1512 4176 servavimus.“
1595 4123 1706 4177 Cfr.
1744 4122 1852 4176 huc
1889 4123 2085 4192 probra
2105 4164 2118 4186 ,
2176 4139 2315 4190 quae
2366 4123 2432 4176 ob
2483 4123 2651 4177 talem
2699 4125 3026 4193 procedendi

363 4201 630 4256 rationem
646 4244 658 4265 ,
708 4201 765 4254 in
802 4200 1153 4255 adornatione
1191 4202 1526 4257 collectionis
1565 4203 1919 4258 decretalium
1955 4203 2139 4274 Papae
2177 4203 2427 4271 Gregorii
2462 4204 2556 4256 IX.
2609 4207 2909 4268 servatam,
2967 4205 3024 4259 in

364 4283 750 4350 Raymundum
787 4284 850 4334 de
876 4284 1202 4349 Pennaforte
1233 4282 1444 4354 jactare
1480 4301 1588 4336 nou
1613 4282 1830 4337 erubuit
1856 4284 2084 4353 Schulte,
2124 4283 2204 4337 uti
2228 4283 2571 4337 meminimus
2609 4300 2775 4353 supra
2810 4302 2863 4354 p.
2900 4285 3021 4340 138.

547 4364 566 4397 ¹
602 4361 806 4415 Eorum
856 4361 1073 4415 nomina
1121 4364 1432 4417 referuntur
1475 4362 1533 4416 in
1585 4363 1619 4417 J
1623 4363 1884 4417 ustiniani
1935 4363 2024 4418 cit.
2078 4367 2278 4418 const:
2338 4366 2513 4417 Tanta
2563 4363 2596 4429 ἓ
2634 4364 2683 4416 9.
2702 4405 2715 4427 ,
2763 4381 2866 4417 nec
2916 4382 3024 4418 non

363 4440 423 4494 in
458 4441 569 4495 alia
606 4442 850 4512 ejusdem
887 4446 1089 4496 const:
1143 4439 1375 4492 Δέόωκεν
1414 4445 1654 4509 (Ded-it),
1696 4445 1761 4497 de
1799 4445 1988 4498 eodem
2026 4444 2169 4508 dato,
2206 4443 2338 4498 item
2376 4444 2408 4510 ἓ
2447 4444 2496 4497 9.
2514 4463 2526 4506 ;
2585 4460 2724 4511 quae
2762 4443 3024 4498 constitu-

364 4519 543 4575 tiones
578 4520 637 4574 in
673 4521 942 4591 prooemio
971 4521 1223 4592 Corporis
1255 4522 1396 4592 juris
1423 4522 1620 4588 civilis,
1658 4525 1760 4578 sub
1797 4524 1988 4578 titulo:
2027 4526 2277 4578 Historia
2302 4526 2455 4591 juris
2480 4542 2515 4576 a
2542 4525 2859 4577 Justiniano
2886 4541 3023 4577 com-

355 4604 528 4669 positi
564 4601 761 4656 adduci
797 4602 989 4656 solent.
2721 4632 2724 4635 1

545 4682 566 4716 ²
604 4682 714 4737 cfr.
753 4681 997 4752 ejusdem
1034 4685 1235 4736 const:
1294 4684 1511 4736 Omnem
1546 4686 1899 4753 reipublicae,
1939 4684 1988 4738 d.
2029 4685 2077 4738 d.
2123 4686 2203 4739 16.
2242 4684 2371 4738 Dec.
2411 4683 2533 4748 533,
2572 4684 2605 4751 ἓ
2643 4684 2712 4750 8.,
2752 4701 2892 4753 quae
2928 4700 3023 4754 pa-

365 4758 500 4814 riter
536 4760 730 4821 referri
766 4761 906 4817 solet
940 4761 999 4815 in
1034 4762 1279 4831 praefato
1316 4762 1587 4832 prooemio
1627 4763 1880 4834 Corporis
1912 4764 2055 4835 juris
2093 4763 2289 4818 civilis.
