3355 5328
1366 341 1546 397 Sectio
1582 343 1624 395 Ι.
1682 342 1715 409 5
1752 342 1838 396 62.
2828 342 2929 397 107

448 503 505 567 E
540 503 994 580 decretalibus,
1042 502 1111 566 in
1158 502 1450 584 singulos
1499 502 1730 568 titulos
1763 500 2190 580 assumendis,
2238 500 2584 566 Rainerius
2617 521 2714 578 ea,
2765 521 2933 582 quae

284 600 501 667 stricte
549 601 633 667 ad
678 623 820 667 rem
865 601 1040 666 haud
1086 600 1418 683 pertinere
1465 601 1765 684 putabat,
1816 599 2035 665 omisit
2082 603 2150 666 et
2196 600 2621 677 solummodo,
2674 602 2749 664 ut
2793 599 2934 682 ipse

283 697 344 761 in
385 698 800 781 praefatione
845 699 1039 781 hujus
1099 698 1500 764 collectionis
1562 697 1753 776 dicit,
1828 718 1974 774 „eas
2021 700 2277 780 partes,
2342 717 2509 779 quae
2556 696 2640 762 ad
2677 697 2787 781 jus
2832 695 2934 761 fa-

284 795 486 861 ciunt“
502 846 516 874 ,
579 797 935 880 assumpsit
960 793 1004 861 ¹.
1098 796 1303 861 Porro
1348 795 1416 860 in
1464 795 1764 862 omnibus
1783 845 1797 873 ,
1860 815 2023 877 quas
2084 795 2511 860 assumendas
2565 798 2930 871 censuerat,

284 893 717 960 decretalibus
762 903 1004 980 tempus
1052 897 1120 959 et
1166 897 1366 960 locum
1412 894 1611 959 datae
1656 893 1917 977 penitus
1966 892 2202 958 omisit.

451 991 797 1058 Adornata
844 992 1141 1058 coHectio
1187 993 1351 1056 haec
1399 1013 1456 1056 a.
1513 993 1680 1056 1201
1734 1011 1878 1056 esse
1924 990 2185 1056 videtur
2210 987 2254 1056 ².

1109 1196 1150 1282 ξ
1198 1195 1299 1264 62.
1394 1196 1704 1264 collectio
1753 1194 2100 1264 0111161113.

455 1364 795 1447 GilbertuS,
843 1364 1110 1430 natione
1142 1363 1399 1446 Anglus
1425 1365 1471 1442 ⁴,
1521 1364 1802 1448 primum
1836 1387 1894 1431 a.
1935 1369 2101 1431 1201
2153 1366 2261 1431 vel
2304 1368 2493 1443 1202,
2542 1387 2698 1431 usus
2737 1388 2937 1450 supra

281 1461 340 1544 (ἓ
372 1462 508 1545 60.)
555 1462 937 1528 memoratis
984 1462 1477 1529 collectionibus
1524 1464 1798 1528 Halensi
1846 1467 1914 1529 et
1958 1465 2235 1529 Lucensi
2250 1500 2294 1547 ,·
2328 1463 2775 1530 collectionem
2823 1465 2935 1530 de-

280 1560 619 1626 cretalium
640 1609 655 1638 ,
727 1560 811 1625 ad
881 1560 1090 1626 instar
1157 1560 1481 1625 Breviarii
1548 1560 2152 1642 Extravagantium
2215 1561 2534 1627 Bernardi
2598 1561 2937 1645 Papiensis

279 1656 502 1742 (supra
550 1657 585 1739 5
635 1657 769 1740 59.)
819 1658 1231 1741 dispositam,
1281 1658 1647 1736 adornavit,
1699 1679 1866 1740 quae
1911 1659 1977 1723 in
2030 1661 2155 1723 163
2203 1680 2388 1743 capp.
2441 1662 2526 1724 20
2576 1660 2938 1726 decretales

279 1756 499 1840 Papae
530 1758 899 1821 Alemandri
944 1757 1072 1821 ΙΙΙ.
1119 1754 1639 1840 (1159-1181),
1695 1759 1727 1820 1
1763 1758 1954 1822 Lucii
1999 1758 2128 1822 ΙΙΙ.
2179 1756 2696 1841 (1181-1185),
2751 1760 2784 1822 1
2821 1759 2937 1823 Ur-

279 1854 427 1919 bani
477 1854 602 1918 HI.
653 1852 1185 1937 (1185—1187),
1250 1857 1287 1918 2
1340 1856 1634 1938 Greqorii
1681 1856 1859 1920 VIII.
1924 1854 2156 1937 (1187)
2184 1852 2230 1938 ⁵,
2294 1858 2377 1920 49
2430 1857 2761 1922 Clementis
2806 1856 2934 1921 ΙΠ.

276 2067 397 2132 post
435 2062 897 2117 confimationem
914 2103 928 2126 ,
974 2066 1191 2132 praeter
1242 2078 1525 2115 assensum
1563 2062 1793 2115 Romani
1830 2061 2111 2116 Pontificis
2156 2063 2270 2116 fiat.
2347 2056 2395 2117 6.
2440 2063 2590 2128 Quod
2628 2063 2937 2132 Metropoli-

276 2146 440 2197 tanus
497 2161 571 2196 ex
615 2143 765 2213 justa
803 2159 969 2196 causa
1006 2144 1188 2211 potest
1224 2141 1375 2195 vices
1430 2158 1559 2195 suas
1609 2141 1667 2194 in
1712 2141 2115 2196 consecratione
2154 2142 2392 2212 episcopi
2444 2161 2541 2196 suo
2592 2144 2938 2210 suffraganeo

277 2222 546 2291 delegare.
623 2224 671 2276 7.
711 2222 792 2276 Ne
829 2220 1104 2292 simplices
1141 2222 1477 2286 sacerdotes,
1517 2238 1657 2289 quae
1695 2221 1826 2274 solis
1864 2221 2132 2291 episcopis
2169 2225 2508 2292 competunt,
2548 2242 2618 2276 ex
2655 2225 2938 2277 consuetu·

277 2302 400 2356 dine
439 2302 546 2356 sibi
581 2306 861 2372 usurpent.
937 2302 987 2356 8.
1028 2301 1180 2367 Quod
1216 2304 1433 2371 tempus
1471 2300 1844 2371 suspensionis
1896 2318 1929 2355 a
1974 2318 2075 2354 sex
2110 2301 2389 2356 mensibus
2440 2321 2537 2373 per
2572 2303 2939 2357 Lateranense

277 2382 580 2437 Concilium
623 2382 681 2436 111
732 2381 1122 2437 ecclesiasticis
1173 2381 1449 2436 beneficiis
1500 2381 1697 2452 positis
1748 2384 2019 2451 suppetat.
2095 2384 2143 2435 9.
2196 2381 2278 2437 De
2315 2383 2782 2453 procurationibus
2831 2400 2940 2436 11011

278 2462 718 2531 augmentandis.
797 2464 878 2517 10.
930 2462 1013 2516 ΒΘ
1067 2461 1536 2532 procurationibus
1581 2461 1909 2529 Legatorum
1960 2461 2291 2537 apostolicae
2341 2462 2511 2517 Sedis.
2590 2464 2669 2517 11.
2722 2463 2803 2516 De
2850 2464 2939 2516 de·

277 2542 455 2598 cimis.
535 2543 616 2597 12.
655 2543 737 2596 De
772 2541 978 2596 nuntiis
1014 2541 1504 2612 Hospitalariorum
1542 2559 1701 2596 cruce
1737 2542 1878 2595 falso
1915 2542 2147 2610 signatis
2164 2585 2176 2606 ,
2229 2546 2285 2596 et
2321 2542 2479 2597 laicis
2499 2586 2511 2608 ‚
2572 2543 2664 2611 qui
2701 2543 2939 2597 officium

281 2622 707 2693 praedicationis
744 2622 849 2678 sibi
883 2626 1166 2694 usurpant.
1246 2623 1326 2677 13.
1366 2622 1446 2677 De
1491 2621 1786 2678 haereticis
1823 2625 1879 2677 et
1916 2621 2023 2687 eis,
2072 2622 2166 2692 qui
2217 2639 2309 2678 eos
2359 2626 2658 2694 receptant.
2737 2624 2819 2678 14.
2858 2623 2939 2678 De

275 2703 538 2758 falsariis,
617 2705 698 2757 15.
751 2703 832 2757 De
881 2702 1162 2773 rescriptis
1218 2705 1275 2756 et
1320 2720 1505 2756 eorum
1555 2702 2108 2773 interpretationibus.
2188 2705 2268 2758 16.
2322 2704 2404 2758 De
2455 2703 2938 2759 abrenuntiatione.

279 2784 361 2837 17.
401 2784 489 2837 ΒΘ
527 2782 929 2837 circumventis.
1010 2784 1091 2838 18.
1129 2783 1211 2836 De
1247 2782 1363 2847 his,
1417 2800 1555 2851 quae
1592 2783 1651 2836 vi
1689 2787 1939 2837 metusve
1976 2800 2142 2838 causa
2178 2788 2458 2851 geruntur.
2536 2785 2618 2838 19.
2656 2784 2737 2837 ΒΘ
2774 2783 2943 2837 licitis

276 2867 332 2917 et
367 2863 582 2917 illicitis
628 2863 968 2934 juramentis,
1043 2864 1129 2918 20.
1167 2864 1248 2917 ΒΘ
1300 2864 1486 2917 eodem
1543 2868 1599 2918 et
1635 2863 1861 2918 notoriis
1911 2867 1967 2917 et
2017 2864 2275 2918 canonica
2325 2865 2661 2934 purgatione.
2736 2865 2821 2918 21.
2861 2863 2940 2917 ΒΘ

274 2943 635 3013 inquisitione
673 2944 971 3014 culparum.
1023 2944 1109 2998 22.
1137 2942 1286 3009 Quae
1323 2943 1667 3014 probationes
1696 2944 1754 2997 in
1778 2944 2007 2998 simonia
2033 2944 2326 3014 productae
2351 2945 2697 3015 recipiantur.
2749 2945 2833 2998 23.
2859 2944 2941 2997 De

277 3025 524 3078 testibus
561 3024 630 3078 ad
656 3023 1004 3094 exceptiones
1029 3024 1335 3094 probandas
1372 3027 1429 3077 et
1464 3023 1745 3078 infamiam
1770 3024 2003 3094 alicujus
2028 3025 2366 3093 purgandam
2403 3024 2697 3094 productis.
2749 3025 2833 3078 24.
2861 3023 2942 3077 ΒΘ

278 3104 523 3158 testibus
574 3107 700 3158 ante
749 3104 865 3157 litis
903 3104 1353 3158 contestationem
1404 3104 1683 3174 productis
1734 3107 1791 3157 et
1836 3104 2214 3174 appellatione.
2289 3104 2375 3159 25.
2413 3105 2494 3158 ΒΘ
2532 3104 2709 3158 officio
2742 3102 2942 3174 judicis

276 3183 545 3252 delegati.
619 3185 703 3238 26.
743 3183 824 3237 De
875 3183 1098 3237 crimine
1149 3201 1453 3238 usurarum.
1529 3185 1615 3238 27.
1654 3184 1736 3237 ΒΘ
1788 3184 2148 3238 restitutione.
2223 3184 2308 3239 28.
2348 3184 2406 3238 Si
2458 3185 2580 3253 quis
2635 3184 2851 3239 deficiat
2885 3175 2956 3237 in'

275 3264 604 3335 exceptione
660 3264 952 3334 probanda.
1027 3265 1113 3318 29.
1153 3263 1306 3329 Quod
1357 3264 1679 3334 judiciarius
1735 3264 1893 3331 vigor
1949 3263 2124 3331 gratis
2174 3264 2248 3318 sit
2302 3264 2551 3319 omnibus
2588 3264 2939 3318 exhibendus,

273 3344 361 3400 30.
403 3345 491 3398 De
527 3344 798 3398 sententia
834 3347 890 3397 et
925 3362 985 3398 re
1017 3343 1277 3414 judicata.
1353 3345 1438 3398 31.
1477 3344 1559 3398 De
1610 3344 1882 3398 sententia
1934 3344 2522 3398 excommunicationis.
2597 3345 2682 3397 32.
2720 3344 2801 3397 ΒΘ
2838 3342 2941 3407 his,

274 3424 371 3493 qui
411 3423 869 3478 excommunicati
905 3425 976 3478 ad
1013 3424 1415 3478 ecclesiasticos
1452 3423 1667 3478 ordines
1719 3427 2119 3494 promoventur.
2196 3424 2280 3477 33.
2320 3424 2401 3478 De
2437 3423 2539 3487 his,
2577 3423 2671 3491 qui
2706 3423 2943 3476 minores

274 3504 503 3559 ordines
540 3507 597 3559 et
632 3504 1079 3558 subdiaconatum
1117 3504 1208 3558 vel
1245 3505 1381 3558 duos
1416 3521 1600 3558 sacros
1637 3504 1854 3559 ordines
1891 3504 2053 3558 simul
2089 3503 2373 3574 recipiunt.
2449 3504 2533 3557 34.
2571 3503 2652 3556 ΒΘ
2689 3503 2775 3557 his
2798 3545 2810 3564 ‚
2849 3502 2944 3571 qui

272 3586 530 3639 favorem
584 3587 866 3654 praestant
918 3584 1285 3654 pugnantibus
1307 3626 1319 3648 ,
1376 3587 1433 3639 et
1485 3584 1791 3638 homicidiis
1840 3587 2031 3654 sponte
2081 3584 2169 3637 vel
2222 3602 2329 3637 non
2379 3586 2570 3654 sponte
2622 3582 2942 3637 commissis.

274 3665 364 3719 35.
405 3665 493 3719 De
528 3664 630 3729 his,
668 3664 764 3733 qui
799 3666 868 3718 ad
906 3664 1190 3719 ecclesiam
1228 3664 1563 3733 confugiunt.
1630 3665 1715 3718 36.
1757 3664 1908 3729 Quod
1946 3664 2276 3718 monasteria
2311 3663 2695 3718 monachorum
2733 3663 2944 3733 possint

276 3745 337 3799 in
377 3744 672 3800 canonicos
720 3744 1003 3812 regulares
1058 3744 1317 3799 converti.
1394 3744 1478 3798 37.
1519 3743 1576 3798 Si
1612 3745 1894 3812 regulares
1946 3745 2013 3799 ad
2068 3744 2376 3798 saeculares
2427 3743 2687 3798 ecclesias
2737 3743 2947 3814 possint

275 3825 336 3879 in
392 3825 673 3896 praelatos
729 3825 948 3879 assumi.
1024 3825 1110 3879 38.
1150 3823 1301 3890 Quod
1354 3824 1597 3878 canonici
1650 3825 1933 3893 regulares
1984 3825 2053 3878 ad
2102 3823 2419 3891 religionem
2455 3824 2944 3894 Hospitalariorum

275 3906 523 3961 transire
560 3923 664 3959 11011
703 3904 929 3975 possint.
982 3905 1068 3961 39.
1093 3905 1175 3958 De
1200 3908 1327 3958 voto
1365 3908 1422 3959 et
1457 3904 1677 3959 habitus
1715 3904 2073 3975 susceptione.
2123 3906 2210 3959 40.
2237 3905 2318 3958 De
2342 3904 2699 3959 matrimonio,
2748 3905 2836 3958 41.
2864 3904 2945 3958 De

274 3984 551 4054 legitimis
586 3985 729 4039 filiis.
809 3984 1200 4055 (Epistolarum
1238 3985 1512 4039 Innocent.
1550 3985 1645 4039 ΠΙ.
1698 3986 1851 4039 Rom.
1890 3984 2092 4038 Pontif.
2134 3984 2283 4038 Libri
2329 3984 2580 4038 undecim
2597 4027 2609 4050 ,
2662 3985 2729 4037 ed
2767 3986 2943 4052 Steph.

276 4069 555 4121 Baluzius
590 4065 765 4119 Paris.
810 4065 963 4130 1682,
1000 4069 1129 4120 tom.
1168 4066 1209 4119 Ι.
1247 4083 1299 4135 p.
1339 4066 1461 4121 543.
1501 4065 1646 4134 sqq.)

472 4160 488 4191 ¹
532 4155 642 4209 cfr.
681 4173 734 4208 v.
772 4172 826 4223 g.
865 4172 981 4224 cap.
1021 4155 1071 4208 5.
1122 4154 1210 4208 tit.
1249 4154 1342 4208 IV.
1387 4154 1560 4222 (Idem
1598 4154 1849 4225 Capitulo
1886 4153 2179 4221 Pennensi)
2237 4171 2359 4208 cum
2397 4154 2671 4207 Innocent.
2710 4154 2803 4207 III.
2843 4153 2945 4206 Re-

275 4240 429 4305 gest.
466 4235 560 4289 lib.
599 4235 667 4289 H.
720 4253 802 4306 ep.
845 4236 963 4289 185.
1008 4234 1400 4305 (Epistolarum
1438 4235 1712 4289 Innocent.
1751 4235 1846 4288 III.
1899 4234 2052 4288 Rom.
2093 4233 2293 4288 Pontif.
2333 4233 2481 4287 Libri
2532 4233 2809 4296 undecim,
2860 4234 2943 4286 ed.

274 4318 373 4373 cit.
416 4319 550 4370 tom.
589 4316 630 4370 Ι.
669 4334 720 4386 p.
759 4316 881 4370 558.
921 4315 1021 4369 001.
1060 4315 1110 4370 2.
1150 4318 1207 4369 et
1242 4333 1294 4385 p.
1334 4316 1454 4369 547.
1494 4315 1594 4369 col.
1638 4316 1685 4369 1.
1724 4314 1831 4384 sq.)

471 4408 494 4442 ²
531 4404 701 4476 Typis
752 4404 1021 4475 impressa
1072 4407 1158 4457 est
1205 4404 1263 4457 in
1314 4402 1403 4458 cit.
1456 4421 1649 4475 opere:
1702 4403 2070 4474 Epistolarum
2107 4405 2381 4458 Innocent.
2420 4403 2515 4456 111.
2553 4402 2706 4455 Rom.
2744 4401 2944 4455 Pontif.

274 4486 439 4542 Libri
473 4485 743 4550 undecim,
783 4486 865 4539 ed.
905 4483 997 4539 cit.
1035 4488 1165 4539 tom.
1204 4484 1244 4537 I.
1284 4502 1335 4554 p.
1374 4484 1696 4539 543.-—606.

471 4576 492 4611 ⁸
538 4576 782 4644 Theiner,
818 4573 1241 4643 Disquisitiones
1279 4572 1516 4637 criticae,
1554 4591 1605 4643 p.
1648 4573 1732 4626 17.
1772 4590 1909 4641 sqq„
1948 4591 1999 4643 p.
2042 4573 2160 4626 113.
2200 4589 2346 4640 sqq.;
2388 4572 2615 4639 Schulte,
2653 4569 2755 4623 Die
2795 4569 2945 4625 Com·

272 4654 586 4729 pilationen
625 4654 865 4709 Grilberts
901 4655 1011 4707 und
1048 4653 1289 4717 Alanus’,
1325 4652 1382 4706 in
1420 4652 1537 4707 citt.
1575 4653 1758 4707 relatt.
1796 4670 1932 4707 sess.
1971 4655 2099 4707 tom.
2138 4651 2300 4706 LXV.
2340 4669 2391 4721 p.
2431 4652 2555 4705 595.
2593 4667 2742 4719 sqq.;
2782 4652 2948 4720 Idem,

271 4737 386 4792 Die
429 4734 758 4790 Geschichte
795 4735 891 4788 der
927 4733 1169 4799 Quellen,
1205 4736 1334 4787 tom.
1374 4733 1415 4787 I.
1453 4752 1507 4804 p.
1543 4733 1630 4788 84.

470 4819 495 4851 ⁴
533 4816 746 4869 Schulte
780 4815 815 4869 1.
856 4833 901 4869 c.
940 4831 991 4884 p.
1035 4815 1152 4870 188.
1336 4816 1357 4849 ⁵
1396 4814 1610 4866 Schulte
1646 4813 1693 4866 1.·
1723 4831 1769 4867 c.
1808 4831 1859 4883 p.
1900 4813 1984 4868 84.
2023 4815 2133 4866 not.
2175 4813 2222 4865 7.
