3355 5328
357 314 463 368 262
970 315 1276 385 Appendix.
1349 316 1686 370 Introductio
1721 316 1778 369 111
1816 316 1973 386 Corp.
2006 317 2114 387 jur.
2153 316 2259 371 civ.
2297 334 2429 371 rom.

368 474 739 540 ethnicismi
800 480 1198 558 prognatum
1220 528 1234 555 ‚
1298 477 1576 544 caritate
1635 477 1706 542 in
1764 477 2135 560 proximum
2157 527 2173 555 ,
2234 476 2569 560 religionis
2630 476 3030 543 christianae

362 573 652 657 propria,
702 573 996 639 animare
1043 578 1112 640 et
1158 573 1464 657 mitigare
1512 575 1759 658 sategit
1789 572 1830 641 ¹.

646 764 685 850 ξ
734 763 841 833 20.
938 766 985 833 J
987 786 1064 833 us
1114 767 1496 835 canonicum
1538 768 1695 855 jure
1744 766 1925 835 civili
1970 784 2240 834 romano
2288 767 2553 835 auctum
2600 767 2724 834 est.

536 926 613 989 In
673 930 990 1009 quantum
1053 927 1556 994 constitutiones
1609 927 1777 1011 juris
1839 925 2046 991 civilis
2105 927 2360 992 romani
2414 926 2607 1009 genio
2654 926 2807 991 fidei
2854 926 3027 992 chri-

358 1022 615 1089 stianae
663 1026 1144 1106 congruebant,
1206 1025 1505 1092 Ecclesia
1565 1046 1679 1090 eas
1740 1024 2114 1108 acceptavit
2174 1046 2416 1107 easque
2477 1025 2677 1090 etiam
2735 1025 2804 1090 in
2863 1024 3027 1092 foro,

359 1143 478 1186 suo
524 1123 750 1187 valere
790 1123 1021 1206 jussit,
1084 1145 1200 1189 seu
1248 1145 1381 1202 eaS,
1431 1123 1529 1190 uti
1575 1123 1701 1188 dici
1748 1124 1936 1201 solet,
1986 1126 2404 1189 canonizavit.
2498 1123 2646 1188 Huc
2691 1122 3026 1206 pertinent

357 1218 428 1283 in
472 1219 689 1302 specie
736 1221 983 1286 multae
1023 1221 1527 1288 constitutiones
1566 1221 1734 1304 juris
1766 1220 1976 1286 civilis
2007 1221 2281 1299 romani,
2331 1222 2416 1286 ad
2446 1242 2826 1304 processum
2851 1220 3024 1303 judi-

359 1316 648 1396 ciarium,
693 1319 1084 1401 praesertim
1117 1319 1373 1385 civilem
1407 1318 1502 1400 (in
1534 1318 1944 1403 oppositione
1978 1319 2061 1384 ad
2094 1319 2543 1402 criminalem),
2578 1323 2955 1403 spectantes
2977 1317 3024 1383 ².

536 1416 741 1480 Porro
788 1416 1187 1482 matrimonii
1231 1416 1789 1501 impedimentum,
1839 1417 2010 1499 quod
2059 1420 2396 1502 adoptione
2439 1416 2742 1483 innititur
2789 1421 2857 1482 et
2902 1416 3027 1481 im-

358 1513 806 1596 pedimentum
854 1514 1265 1597 cognationis
1314 1514 1523 1581 civilis
1569 1536 1687 1581 seu
1733 1515 1968 1597 legalis
2016 1514 2255 1580 dicitur
2283 1515 2321 1581 ”.

360 1680 550 1732 opere:
607 1662 688 1716 De
740 1664 1111 1726 Patriarchis,
1167 1664 1262 1718 lib.
1301 1664 1342 1717 I.
1397 1665 1462 1718 de
1513 1663 1821 1727 Abraham,
1875 1681 1992 1733 cap.
2032 1664 2109 1728 4.,
2163 1663 2300 1732 Opp.
2354 1663 2436 1716 ed.
2490 1661 2669 1716 Paris.
2712 1663 2849 1717 1686
2901 1679 3024 1731 sqq.

358 1746 488 1796 tom.
527 1742 567 1796 Ι.
627 1743 728 1797 001.
767 1743 888 1798 291.
911 1786 924 1809 ,
982 1743 1148 1797 etiam
1203 1762 1248 1798 c.
1286 1745 1338 1797 4.
1391 1762 1471 1814 pr.
1513 1743 1570 1797 C.
1610 1744 1833 1797 XXXII.
1887 1761 1977 1812 qu.
2016 1742 2091 1811 4.)
2148 1743 2204 1796 id
2254 1742 2661 1813 pronuntiavit,
2719 1742 2862 1797 circa
2913 1760 3023 1796 ma-

358 1821 494 1875 ritos
533 1821 857 1876 christianos
910 1822 1123 1877 dicens:
1182 1823 1383 1889 „Nemo
1420 1823 1732 1877 blandiatur
1783 1823 1887 1877 sibi
1939 1824 2004 1877 de
2042 1822 2256 1891 legibus
2294 1822 2586 1876 hominum.
2663 1823 2835 1876 Omne
2873 1825 3024 1894 stup·

361 1919 482 1954 rum
520 1901 849 1955 adulterium
886 1905 1000 1968 est,
1051 1921 1153 1957 nec
1189 1902 1307 1957 viro
1346 1903 1504 1968 licet,
1562 1903 1705 1971 quod
1756 1903 1971 1956 mulieri
2006 1921 2114 1956 non
2150 1902 2297 1956 licet.
2370 1902 2576 1956 Eadem
2614 1920 2646 1956 a
2682 1902 2801 1956 viro
2817 1945 2830 1967 ,
2883 1920 3026 1971 quae

360 1982 428 2035 ab
466 1999 650 2046 uxore,
692 1983 918 2037 debetur
955 1982 1290 2037 castimonia.
1367 1983 1638 2052 Quidquid
1674 1982 1734 2036 in
1770 2001 1864 2048 ea,
1918 2001 2056 2051 quae
2107 2001 2214 2036 non
2267 1982 2341 2036 sit
2376 1982 2625 2050 legitima
2662 2001 2828 2047 uxor,
2883 2000 3024 2036 com·

359 2060 587 2114 missum
624 2061 820 2127 fuerit,
873 2063 1129 2117 adulterii
1165 2063 1391 2117 crimine
1429 2064 1764 2117 damnatur.“
1809 2091 1874 2101 —-
1915 2063 2083 2116 Porro
2101 2106 2113 2126 ,
2167 2063 2294 2116 dum
2328 2062 2420 2133 jus
2472 2081 2752 2116 romanum
2789 2062 3023 2133 conjugi,

361 2141 517 2211 cujus
555 2142 755 2212 conjux
800 2143 915 2214 jam
967 2162 1063 2213 per
1101 2143 1527 2212 quinquennium
1579 2144 1738 2198 abest
1758 2186 1771 2207 ,
1827 2161 1928 2197 nec
1980 2142 2276 2211 quidquam
2327 2143 2393 2196 de
2433 2161 2497 2196 eo
2546 2142 2871 2211 investigari
2908 2146 3024 2213 pot·

361 2224 474 2286 est,
532 2221 853 2292 simpliciter
903 2224 972 2277 ad
1023 2222 1170 2277 aliud
1217 2223 1621 2278 matrimonium
1657 2222 1892 2277 transire
1929 2222 2199 2292 permittit
2239 2222 2360 2290 (cfr.
2400 2222 2436 2276 1.
2476 2224 2525 2276 6.
2564 2222 2628 2276 D.
2683 2223 2749 2277 de
2802 2223 3022 2277 divortt.

360 2302 446 2355 24.
486 2301 596 2370 2.),
647 2302 925 2368 Ecclesia,
977 2321 1183 2358 memor
1233 2304 1477 2358 existens
1527 2303 1805 2374 praecepti
1854 2305 1986 2357 Jesu
2028 2305 2231 2356 Christi
2273 2302 2492 2371 (Matth.
2536 2304 2630 2367 19,
2669 2302 2777 2371 6.):
2841 2303 3026 2368 „Quod

358 2381 508 2436 Deus
545 2382 843 2452 conjunxit,
882 2384 1039 2437 homo
1076 2402 1183 2437 non
1220 2386 1489 2453 separet“,
1527 2383 1665 2437 illud
1691 2387 1960 2437 statutum
1992 2382 2134 2454 juris
2169 2382 2378 2436 romani
2400 2383 2593 2454 rejecit
2628 2387 2683 2437 et
2723 2384 3026 2454 conjugem,

361 2465 798 2530 quantocumque
823 2466 1066 2533 tempore
1093 2464 1212 2534 ejus
1239 2464 1437 2534 conjux
1462 2464 1622 2529 absit,
1662 2464 1832 2517 donec
1869 2467 2078 2517 certum
2117 2464 2182 2517 de
2221 2462 2338 2534 ejus
2375 2466 2547 2517 morte
2584 2463 2836 2517 nuntium
2873 2482 3025 2518 acce-

359 2542 530 2612 perit,
583 2543 652 2597 ad
704 2543 851 2597 aliud
902 2544 1303 2599 matrimonium
1340 2544 1575 2599 transire
1613 2544 1864 2615 prohibet
1920 2543 2040 2611 (cfr.
2082 2561 2197 2614 cap.
2242 2545 2324 2598 19.
2364 2543 2431 2598 X.
2472 2544 2537 2598 de
2574 2562 2755 2615 spone.
2794 2544 2886 2598 IV.
2930 2544 3023 2612 1.).

362 2622 502 2677 Item
542 2623 990 2678 constitutionum
1011 2624 1150 2696 juris
1175 2624 1384 2679 romani
1410 2624 1554 2679 circa
1579 2624 1814 2696 patriam
1843 2626 2172 2695 potestatem
2203 2624 2321 2693 (cfr.
2361 2642 2441 2696 pr.
2480 2624 2513 2692 ἓ
2542 2625 2588 2679 1.
2616 2642 2736 2694 sqq.
2786 2625 2920 2680 Inst.
2959 2625 3029 2679 de

358 2706 498 2774 patr.
537 2708 733 2774 potest.
773 2706 813 2759 Ι.
853 2707 934 2770 9.;
971 2706 1007 2760 l.
1048 2705 1097 2759 3.
1135 2706 1186 2759 4.
1225 2705 1289 2759 D.
1330 2706 1396 2759 de
1432 2705 1520 2759 his
1546 2705 1640 2774 qui
1679 2705 1780 2760 sui.
1818 2705 1859 2759 I.
1889 2703 1985 2773 6.),
2026 2723 2254 2774 quarum
2291 2705 2350 2759 vi
2387 2704 2558 2770 liberi,
2596 2705 2724 2759 huic
2762 2705 3025 2775 potestati

361 2784 591 2854 subjecti
624 2784 985 2853 (filiifamilias
1022 2789 1079 2839 et
1102 2784 1530 2852 filiaefamilias),
1569 2784 1688 2839 sine
1726 2802 1992 2839 consensu
2030 2783 2443 2854 patrisfamilias
2481 2802 2583 2839 nec
2618 2784 3024 2838 matrimonium

359 2863 496 2918 inire
547 2864 737 2919 valent
778 2865 898 2933 (cfr.
937 2865 974 2918 l.
1014 2865 1063 2918 2.
1102 2865 1167 2918 D.
1208 2867 1273 2918 de
1323 2865 1411 2926 rit.
1463 2869 1617 2936 nupt.
1657 2866 1743 2919 23.
1784 2864 1856 2933 2.)
1911 2868 1967 2918 et
2016 2882 2206 2925 recens
2256 2864 2372 2918 nati
2409 2883 2441 2918 a
2493 2864 2917 2935 patrefamiliaS,
2968 2864 3028 2918 in

361 2947 607 2998 extrema
644 2944 825 3015 inopia
862 2945 1174 3009 constitutO,
1213 2945 1379 2999 etiam
1418 2945 1581 2998 vendi
1607 2948 1853 3014 possunt,
1889 2944 2053 2998 immo
2092 2944 2218 2998 olim
2257 2945 2324 2998 ab
2364 2962 2425 2998 eo
2464 2944 2680 2999 omnino
2717 2945 2809 2999 vel
2847 2945 3029 3015 capite

360 3024 526 3094 plecti
562 3027 816 3094 poterant
858 3025 978 3094 (cfr.
1019 3027 1330 3093 Macheldey
1365 3026 1401 3080 l.
1443 3043 1486 3078 c.
1525 3028 1654 3079 tom.
1682 3025 1750 3078 II.
1789 3044 1841 3095 p.
1870 3025 1990 3078 314.
2018 3038 2155 3093 sqq„
2194 3024 2518 3094 praesertim
2554 3044 2605 3096 p.
2634 3025 2755 3079 315.
2796 3025 3025 3093 §556.)‚

360 3104 609 3158 Ecclesia
647 3105 1060 3159 convenientem
1082 3105 1415 3160 christianae
1451 3105 1706 3172 religioni
1729 3105 2110 3159 limitationem
2145 3104 2444 3159 constituit.
2494 3105 2577 3159 De
2603 3123 2708 3174 quo
2747 3107 2844 3160 cfr.
2882 3107 3031 3159 inter

361 3187 544 3238 cetera
570 3203 684 3255 cap.
714 3185 762 3240 3.
789 3185 848 3238 in
871 3185 960 3239 fin.
990 3186 1055 3239 de
1075 3186 1190 3256 jud.
1217 3185 1274 3238 in
1300 3185 1448 3239 Sext.
1476 3185 1543 3239 II.
1575 3186 1647 3249 1.;
1692 3185 1893 3240 Concil.
1921 3185 2161 3238 Trident.
2190 3202 2324 3239 sess.
2352 3185 2550 3239 XXIV.
2579 3186 2644 3239 de
2668 3187 2885 3240 reform.
2912 3203 3026 3240 ma·

359 3264 504 3318 trim.
533 3282 648 3335 cap.
680 3267 757 3330 1.;
784 3267 1050 3320 Benedici.
1070 3268 1219 3320 XIV
1215 3307 1244 3335 .,
1270 3266 1351 3320 De
1376 3266 1566 3336 synod.
1595 3265 1780 3330 dioec„
1807 3266 1889 3319 ed.
1917 3266 2070 3319 Rom.
2101 3266 2255 3329 1755,
2282 3265 2375 3319 lib.
2395 3265 2489 3320 IX.
2518 3283 2635 3336 cap.
2662 3267 2744 3319 11.
2771 3284 2824 3319 n.
2846 3266 3026 3319 2.—5.

544 3348 561 3380 ¹
599 3346 717 3399 Hoc
754 3347 1075 3416 praesertim
1113 3346 1291 3400 elucet
1341 3365 1370 3399 e
1409 3345 1781 3400 conaminibus
1817 3345 2097 3399 Ecclesiae
2147 3345 2460 3399 moderandi
2510 3349 2567 3399 et
2602 3346 2891 3413 mitigandi
2926 3345 3026 3399 mi-

361 3442 540 3479 seram
577 3430 777 3479 sortem
816 3426 1092 3481 hominum
1144 3426 1464 3481 conditionis
1500 3426 1735 3480 servilis.
1810 3426 1891 3479 De
1929 3444 2034 3494 quo
2073 3426 2170 3479 cfr.
2210 3444 2255 3479 c.
2297 3427 2344 3479 1.
2384 3426 2434 3480 8.
2476 3425 2533 3480 C.
2570 3425 2769 3479 XXIX.
2809 3444 2897 3495 qu.
2936 3427 3027 3490 2.;

362 3523 477 3576 cap.
521 3506 566 3559 1.
606 3506 672 3560 X.
713 3507 778 3560 (10
817 3508 1029 3578 conjug.
1067 3525 1210 3562 serv.
1250 3508 1343 3562 IV.
1383 3508 1463 3571 9.;
1520 3525 1677 3577 porro
1717 3508 1959 3576 Mchler,
2009 3505 2387 3560 Bruchstiicke
2425 3523 2524 3560 aus
2563 3507 2658 3560 der
2697 3506 3029 3562 Geschichte

362 3586 457 3639 der
493 3585 825 3653 Aufhebung
863 3588 957 3641 der
995 3587 1279 3641 Sklaverei
1318 3587 1487 3641 durch
1526 3588 1624 3641 das
1664 3586 2076 3640 Christenthum
2112 3586 2169 3639 in
2209 3586 2312 3639 den
2350 3589 2532 3639 ersten
2569 3587 2830 3640 fflnfzehn
2865 3588 2900 3640 J
2902 3587 3026 3641 ahr-

360 3666 665 3719 hunderten
684 3709 697 3730 ,
752 3666 808 3720 in
859 3685 1061 3735 organo
1113 3667 1377 3722 litterario
1434 3667 1738 3737 periodico:
1811 3669 2079 3734 Tabinqer
2133 3667 2391 3733 Theolog.
2445 3665 2870 3731 Quartalschrift
2889 3710 2902 3732 ,
2953 3669 3024 3722 ab

361 3763 409 3799 a.
452 3746 590 3799 1834
634 3746 880 3815 (annuar.
919 3747 1113 3816 XVL),
1151 3766 1202 3818 p.
1243 3749 1326 3802 61.
1367 3765 1511 3816 sqq.;
1565 3766 1615 3817 p.
1656 3749 1778 3802 567.
1818 3765 1968 3816 sqq.;
2022 3747 2188 3801 etiam
2237 3747 2322 3801 in:
2381 3749 2619 3800 Mo'hlers
2656 3746 3029 3802 Gesammelte

361 3825 636 3879 Schriften
672 3827 783 3881 und
819 3828 1113 3892 Aufsatze,
1167 3828 1248 3882 ed.
1287 3828 1497 3882 Ratisb.
1541 3828 1677 3882 1839
1717 3845 1830 3896 sq.,
1887 3830 2015 3880 tom.
2054 3828 2122 3882 II.
2162 3846 2213 3897 p.
2254 3828 2339 3881 54.
2378 3845 2498 3895 sqq.
2573 3827 2741 3881 Porro
2779 3828 2886 3881 huc
2923 3828 3023 3883 cfr.

362 3906 597 3974 Doujat,
635 3906 911 3961 Praenott.
953 3926 1177 3962 canonn.
1216 3907 1308 3962 lib.
1349 3909 1389 3961 I.
1430 3925 1546 3977 cap.
1587 3908 1636 3961 3.
1674 3927 1727 3961 n.
1768 3908 1836 3972 2.,
1876 3907 1957 3961 ed.
1998 3908 2191 3961 Venet.
2223 3908 2377 3972 1717,
2415 3925 2467 3977 p.
2508 3909 2557 3962 9.
2598 3925 2748 3976 sqq.;
2787 3911 3028 3976 Reiffen-

359 3987 511 4053 stuel,
552 3985 653 4038 Jus
691 4004 877 4041 canon.
916 3988 1083 4051 univ„
1120 3990 1250 4042 tom.
1290 3988 1329 4041 Ι.
1370 3988 1614 4041 Prooem.
1653 3988 1687 4054 ξ
1712 3988 1805 4041 ΧΙ.
1843 4006 1896 4041 11.
1933 3989 2052 4041 193.
2081 4005 2231 4056 sqq.;
2278 3989 2564 4057 Troplony,
2602 3987 2683 4042 De
2720 3989 3026 4043 l’influence

364 4064 435 4117 (111
475 4064 885 4121 christianismo
923 4086 1017 4121 sur
1054 4068 1105 4121 le
1144 4067 1286 4122 droit
1322 4068 1418 4122 des
1455 4068 1731 4122 Romains.
1794 4068 1953 4121 Paris
1996 4068 2155 4131 18683
2214 4070 2697 4137 Walter-Gerlach,
2736 4068 3022 4123 Lehrbuch

364 4144 458 4197 des
496 4144 935 4212 KirchenrechtS,
972 4166 1024 4217 p.
1065 4149 1185 4202 759.
1225 4165 1347 4217 sqq.
1385 4148 1477 4202 lib.
1518 4148 1685 4213 VIII„
1722 4147 2016 4218 inscripto:
2062 4149 2213 4213 „Von
2252 4148 2374 4201 dem
2410 4148 2650 4202 Einfluss
2689 4149 2785 4203 der
2821 4148 3028 4204 Kirche

363 4225 463 4277 auf
495 4224 582 4278 die
619 4227 930 4280 weltlichen
968 4228 1223 4281 Rechte.“

547 4307 568 4339 ²
607 4305 642 4358 J
645 4323 732 4359 am
770 4306 921 4377 ipsae
960 4307 1240 4372 dictioneS,
1277 4308 1333 4361 in
1371 4326 1629 4378 processu
1660 4307 1949 4378 judiciario
1977 4308 2232 4362 canonico
2270 4313 2631 4372 occurrentes,
2670 4309 2779 4363 uti:
2819 4308 3028 4375 citatio,

362 4382 478 4436 litis
517 4386 840 4440 contestatio
856 4429 869 4452 ,
908 4388 1178 4441 sententia
1217 4388 1521 4452 definitiva,
1559 4388 1982 4453 interlocutoria,
2020 4407 2109 4442 res
2142 4388 2401 4459 judicata,
2440 4389 2751 4459 appellatio,
2791 4392 2848 4443 et
2883 4389 3029 4444 aliae

363 4463 629 4533 plurimae
667 4484 696 4518 0
728 4466 849 4536 jure
887 4467 1039 4521 civili
1074 4486 1294 4521 romano
1333 4471 1646 4538 assumptae
1684 4471 1828 4522 sunt.

545 4546 565 4579 ⁸
602 4544 683 4598 De
734 4564 838 4614 quo
890 4550 987 4602 cfr.
1040 4567 1092 4602 v.
1132 4565 1185 4615 g.
1225 4566 1269 4602 c.
1314 4550 1359 4601 1.
1411 4548 1467 4602 C.
1506 4548 1679 4602 XXX.
1727 4566 1816 4617 qu.
1857 4550 1931 4612 3.;
1984 4567 2141 4618 porro
2192 4550 2467 4603 Benedicti
2500 4551 2656 4604 XIV.
2695 4550 2778 4604 De
2833 4549 3026 4620 synod.

366 4622 531 4677 dioec.
570 4624 663 4679 lib.
701 4626 795 4680 IX.
849 4645 964 4698 cap.
1006 4629 1090 4683 10.
1127 4647 1180 4682 n.
1205 4629 1409 4692 3.—5.;
1448 4628 1581 4682 item
1618 4631 1858 4698 Laurin,
1896 4628 2009 4682 Das
2045 4629 2473 4683 Ehehinderniss
2510 4629 2606 4683 der
2641 4629 3026 4698 burgerlichen

365 4702 493 4755 oder
530 4706 901 4771 gesetinchen
938 4709 1433 4773 Verwandtschaft,
1471 4708 1556 4763 in:
1612 4700 1820 4762 Archiv
1857 4709 1946 4761 fiir
1981 4708 2190 4762 kathol.
2229 4709 2652 4774 Kirchenrecht,
2705 4712 2836 4764 tom.
2876 4709 3023 4764 XIX.

364 4800 416 4852 p.
460 4785 575 4838 193.
615 4803 734 4855 sqq.
