3355 5328
1319 314 1495 383 Caput
1531 314 1596 367 V.
1649 314 1682 380 ξ
1720 315 1805 368 27.
1845 315 1930 369 28.
2875 315 2945 369 45

466 473 537 555 b)
585 474 756 556 quod
803 474 1150 540 materiam
1196 476 1503 540 methodo
1544 474 1880 558 juristica,
1942 473 2249 539 videlicet
2294 474 2649 538 secundum
2702 475 2811 558 jus
2858 474 2949 539 ci-

284 571 419 636 vile
466 592 810 636 romanum
829 622 842 649 ‚
905 575 1173 638 tractat.
1268 572 1451 649 Quod
1500 572 1759 654 quidem
1805 573 1929 637 hac
1975 572 2232 637 ratione
2278 571 2345 636 in
2392 573 2573 637 nulla
2619 573 2948 638 collectio-

286 690 445 734 num
486 669 653 752 juris
701 670 1127 737 ecclesiastici
1174 670 1616 752 antiquiorum
1662 670 2056 754 praestitum
2103 691 2247 736 esse
2295 670 2716 751 dignoscitur.

469 768 616 832 Huc
664 768 936 845 accedit,
2418 772 2420 775 ’

469 862 529 946 6)
579 865 750 947 quod
784 865 1139 931 Gratianus
1169 866 1237 931 in
1268 867 1550 932 Decreto
1584 867 1788 932 etiam
1817 866 2171 932 historicae
2218 866 2610 932 evolutionis
2635 866 2801 950 juris
2843 887 2949 932 ec-

285 961 638 1027 clesiastici
668 962 992 1029 rationem
1021 964 1251 1029 habuit
1282 967 1369 1041 et,
1418 964 1742 1046 quomodo
1775 964 2035 1046 singula
2065 963 2373 1030 instituta
2408 964 2728 1047 juristica,
2781 986 2949 1046 quae
3067 1024 3070 1029 .

289 1062 449 1137 tunc
495 1059 564 1124 in
609 1060 909 1125 Ecclesia
969 1062 1249 1127 aderant
1267 1112 1280 1138 ,
1346 1065 1494 1126 orta
1552 1061 1801 1127 fuerint
1860 1065 1929 1126 et
1991 1083 2153 1143 quas
2210 1062 2609 1128 mutationes
2669 1062 2819 1127 inde
2866 1064 2949 1127 ab

289 1161 443 1223 ortu
489 1179 607 1222 suo
655 1179 860 1240 usque
907 1159 991 1223 ad
1036 1159 1195 1224 illud
1228 1162 1485 1243 tempus
1533 1159 1872 1236 subierint,
1921 1181 2286 1243 proponere
2332 1161 2598 1242 sategit.
2667 1160 2810 1237 Qua
2839 1182 2948 1226 ra-

289 1255 472 1320 tione
504 1257 858 1322 Decretum
907 1256 1206 1322 Gratiani
1253 1257 1453 1322 etiam
1499 1257 1784 1341 plurium
1831 1257 2273 1339 antiquiorum
2305 1259 2757 1324 collectionum
2783 1259 2950 1341 juris

293 1353 724 1419 ecclesiastici
769 1354 982 1419 locum
1030 1356 1394 1438 supplebat.

472 1450 831 1516 Praeterea
877 1453 1245 1519 excellebat

475 1549 542 1631 d)
591 1570 700 1626 eo,
765 1549 936 1632 quod
984 1549 1336 1615 Gratianus
1382 1549 1449 1614 in
1495 1551 1629 1615 suis
1679 1550 1869 1615 dictis
1929 1551 2170 1615 multas
2227 1550 2561 1633 opiniones
2606 1555 2950 1635 praestan-

288 1646 582 1712 tissimas
642 1647 935 1731 reposuit
957 1697 971 1724 ,
1035 1668 1201 1729 quae
1263 1647 1493 1712 deinde
1553 1669 1684 1713 non
1746 1649 1957 1713 solum
2017 1668 2057 1712 a
2101 1648 2261 1712 viris
2322 1648 2593 1713 eruditis
2651 1649 2948 1732 privatiS,

289 1766 523 1810 verum
570 1746 771 1811 etiam
817 1746 900 1811 ab
947 1746 1106 1829 ipsis
1151 1746 1639 1828 legislatoribus
1688 1746 2146 1812 ecclesiasticis
2193 1750 2579 1830 acceptatae
2625 1750 2780 1813 sunt
2808 1747 2849 1814 ¹.

474 1843 652 1920 Quae
683 1843 956 1925 insignis
983 1845 1234 1909 indoles
1266 1844 1531 1910 Decreti
1566 1844 1903 1910 Gratianei
1934 1866 2091 1909 mox
2123 1844 2338 1910 evasit
2384 1844 2755 1910 manifesta.
2807 1845 2950 1910 Viri

290 1940 535 2006 eruditi
565 1942 778 2025 ipsum
810 1941 1066 2007 eximiis
1098 1942 1396 2006 laudibus
1428 1943 1807 2019 efferebant,
1868 1964 2064 2026 „opus
2097 1945 2399 2007 aureum“
2441 1943 2638 2007 immo
2671 1943 2778 2007 vel
2820 1943 2951 2020 „di-

289 2038 520 2103 vinum
566 2041 996 2105 Decretorum
1056 2043 1251 2123 opus“
1307 2039 1466 2105 illud
1514 2041 1924 2123 appellantes
1944 2038 1989 2106 ².
2083 2040 2299 2106 Tanta
2359 2043 2505 2105 erat
2565 2041 2703 2123 ejus
2751 2041 2951 2106 aesti-

290 2137 522 2215 matio,
570 2141 664 2214 ut,
713 2158 911 2219 quum
957 2137 1320 2202 Cardinalis
1365 2138 1707 2202 Laborans
1731 2135 1756 2174 ³
1804 2159 1863 2204 a.
1903 2139 2071 2202 1182
2121 2138 2295 2203 edito
2344 2158 2558 2221 opere,
2606 2137 2949 2221 inscripto:

299 2286 330 2317 ,‚
342 2236 557 2300 Codeoe
579 2233 1088 2320 Compilationis“
1096 2285 1116 2318 ,
1136 2256 1376 2299 novam
1389 2235 1657 2300 Decreti
1674 2235 2098 2318 partitionem
2115 2235 2582 2318 proposuisset,
2607 2234 2951 2301 dividendo

288 2333 455 2397 illud
486 2332 555 2397 in
585 2333 680 2397 VI
711 2333 922 2416 libros,
971 2332 1338 2397 subdivisos
1369 2333 1437 2397 in
1458 2341 1701 2417 partae,
1752 2354 1914 2415 opus
1950 2333 2110 2397 illud
2141 2333 2401 2415 penitus
2432 2332 2880 2414 negligeretur
2902 2332 2949 2398 ⁴.

745 2522 784 2608 ξ
831 2521 932 2590 28.
1026 2523 1319 2590 Influxus
1367 2523 1632 2590 Decreti
1680 2523 1749 2588 in
1791 2523 1904 2609 j‘us
1953 2522 2493 2591 ecclesiasticum.

477 2676 682 2741 Porro
713 2678 1067 2741 Decretum
1100 2675 1398 2741 Gratiani
1445 2696 1565 2740 sua
1610 2674 1917 2740 methodo
1958 2673 2260 2758 juristica
2305 2674 2371 2739 id
2419 2675 2653 2752 effecit,
2702 2679 2777 2741 ut
2807 2674 2957 2741 inde

295 2776 383 2840 ab
431 2795 508 2839 eo
555 2777 853 2858 tempore
905 2775 1014 2858 jus
1075 2773 1620 2850 ecclesiasticum,
1689 2772 1861 2855 quod
1908 2794 2112 2854 usque
2157 2776 2315 2839 tunc
2360 2772 2756 2854 Theologiae
2804 2795 2957 2838 con-

285 2873 593 2957 junctum
640 2875 708 2937 et
755 2872 1183 2937 commixtum
1229 2875 1393 2949 erat,
1443 2872 1524 2935 ab
1556 2871 1682 2935 hac
1714 2874 2136 2955 separaretur
2167 2874 2235 2935 et
2264 2874 2581 2952 tanquam
2611 2870 2958 2954 peculiaris

295 2975 369 3037 et
429 2990 548 3053 per
606 2991 677 3035 se
737 2969 1100 3036 subsistens
1161 2969 1500 3052 disciplina
1559 2972 2005 3045 tractaretur3
2072 2968 2242 3033 unde
2305 2969 2659 3034 Gratianus
2722 2969 2958 3034 merito

296 3067 615 3133 scientiae
661 3088 776 3132 seu
825 3067 1203 3151 disciplinae
1243 3067 1409 3150 juris
1457 3066 1881 3133 ecclesiastici
1927 3070 2119 3150 pater
2165 3066 2403 3131 dicitur
2426 3065 2471 3133 ⁵.

481 3166 639 3230 Inde
687 3169 909 3231 autem
956 3165 1148 3230 simul
1194 3165 1260 3230 id
1307 3167 1729 3230 consecutum
1775 3168 1909 3242 est,
1976 3168 2050 3230 ut
2091 3164 2208 3242 illi,
2259 3165 2368 3246 qui
2407 3165 2514 3247 jus
2563 3165 2960 3230 ecclesiasti-

295 3285 451 3330 cum
498 3284 534 3328 e
565 3264 846 3328 Decreto
881 3263 1177 3328 Gratiani
1210 3263 1582 3340 tradebant,
1630 3261 2027 3345 peculiarem
2058 3262 2342 3340 titulum,
2392 3284 2433 3327 a
2477 3262 2672 3328 titulo
2715 3284 2958 3341 eorum,

297 3361 415 3446 qui
455 3360 880 3442 Theologiam
926 3360 1248 3426 docebant
1295 3365 1363 3426 et
1409 3360 1794 3444 simpliciter
1838 3363 2131 3446 maqistri
2176 3361 2695 3444 appellabantur,
2746 3360 2961 3425 diver-

296 3481 450 3526 sum
497 3458 868 3543 acciperent
914 3462 983 3523 et
1029 3458 1112 3522 ad
1158 3459 1369 3524 instar
1415 3480 1658 3535 eorum,
1711 3458 1819 3539 qui
1858 3459 1966 3541 jus
2015 3457 2203 3523 civile
2252 3458 2573 3523 docebant
2591 3508 2604 3535 ‚
2664 3460 2959 3540 doctore&
2998 3493 3003 3499 ·

297 3563 372 3625 et
422 3557 680 3639 quidem
726 3578 766 3622 a
811 3556 975 3621 libro
999 3606 1013 3635 ‚
1081 3577 1273 3638 quem
1333 3556 1781 3639 exponebant,
1848 3558 2124 3621 doctores
2168 3558 2577 3621 Decretorum
2624 3559 2692 3620 et
2755 3558 2961 3621 decre-

296 3660 523 3737 tistae,
572 3659 771 3737 atque
819 3676 859 3719 a
905 3676 1175 3738 canone,
1227 3654 1268 3720 i.
1319 3675 1375 3720 e.
1424 3655 1569 3735 lege
1617 3652 2081 3731 ecclesiastica,
2131 3654 2330 3719 etiam
2379 3657 2743 3719 canonistae
2789 3653 2963 3719 dice-

297 3757 553 3830 rentur,
601 3752 669 3818 in
701 3752 1109 3837 oppositione
1156 3753 1239 3818 ad
1271 3773 1402 3828 603,
1453 3751 1563 3833 qui
1595 3754 1713 3835 jus
1760 3753 1937 3816 civile
1966 3771 2082 3816 seu
2124 3754 2281 3836 leqes
2314 3752 2733 3835 explicabant
2765 3755 2965 3834 atque

297 3852 457 3917 inde
503 3854 774 3937 levisnec,
823 3851 931 3915 vel
979 3850 1177 3915 etiam
1228 3852 1469 3915 domini
1516 3849 2019 3932 appellabantur
2043 3847 2088 3915 ⁶.

488 3996 508 4029 ¹
546 3994 774 4062 Saltum,
812 3992 913 4046 Die
949 3993 1123 4047 Lehre
1160 4010 1268 4046 von
1307 3993 1409 4045 den
1435 3990 1662 4055 Quellen
1702 3991 1796 4043 des
1833 3990 2038 4044 kathol.
2065 3989 2504 4044 Kirchenrechts.
2558 3989 2783 4044 Giessae
2812 3990 2966 4054 1860,

346 4116 359 4128 .
404 4073 543 4138 327.,
582 4073 702 4128 330.
743 4076 799 4127 et
836 4073 956 4127 332.

303 4093 340 4145 P
489 4155 511 4189 ²
549 4155 705 4206 Sarti
717 4195 734 4222 ‚
781 4153 862 4206 De
914 4152 1077 4207 claris
1128 4150 1553 4222 archigymnasii
1604 4150 1961 4204 Bononiensis
1998 4149 2394 4220 professoribus
2412 4192 2424 4214 ,
2475 4154 2603 4204 tom.
2644 4150 2685 4203 I.
2737 4153 2876 4219 part.
2919 4151 2965 4203 1.

301 4254 357 4306 p.
401 4234 552 4297 266.;
594 4236 801 4287 Paulus
846 4235 959 4287 J08.
1000 4234 1255 4301 Rieyyer,
1292 4231 1373 4285 De
1423 4231 1653 4285 Decreto
1707 4230 1956 4285 Gratiani
2006 4230 2341 4295 dissertatio,
2394 4231 2476 4284 ed.
2528 4230 2756 4283 Vindob.
2814 4230 2968 4294 1760,

300 4315 336 4382 ἕ
382 4313 501 4368 103.
541 4331 592 4383 p.
631 4314 782 4377 229.;
824 4314 1067 4381 minim,
1104 4311 1512 4375 Kirchenrecht,
1549 4314 1677 4365 tom.
1718 4310 1811 4365 IV.
1850 4329 1901 4381 p.
1944 4311 2063 4365 155.

491 4395 511 4427 ³
550 4394 778 4461 Schiche,
814 4392 915 4445 Die
951 4391 1280 4446 Geschichte
1319 4392 1414 4444 der
1452 4390 1694 4455 Quellen‚
1733 4394 1862 4444 tom.
1900 4391 1941 4443 Ι.
1982 4408 2033 4460 p.
2076 4391 2194 4445 148.
2234 4408 2316 4459 sq.

488 4473 510 4505 ⁴
551 4474 780 4541 Phillips
815 4472 861 4544 l..
891 4490 937 4526 6.
964 4489 1027 4541 ·Ρ.
1072 4472 1189 4525 173.
1229 4488 1341 4539 sq.;
1384 4472 1596 4524 Schulte
1631 4471 1667 4524 1.
1709 4488 1754 4524 c.
1794 4489 1844 4540 p.
1888 4471 2006 4524 149.

491 4555 512 4589 ⁵
550 4554 706 4606 Sarti
753 4552 788 4606 1.
837 4570 883 4605 6.
938 4555 1068 4606 tom.
1107 4552 1148 4605 Ι.
1200 4555 1338 4620 part.
1394 4551 1431 4605 1.
1483 4569 1534 4620 Ρ.
1588 4551 1708 4603 247.
1767 4550 1800 4617 ξ
1854 4551 1936 4613 1.;
1996 4552 2260 4620 Saviqny,
2314 4550 2640 4604 Geschichte
2691 4550 2787 4603 des
2837 4557 2969 4603 rom.

302 4634 515 4690 Rechts
551 4633 628 4686 im
665 4631 1006 4694 Mittelalter,
1044 4634 1173 4684 tom.
1212 4632 1306 4684 III.
1359 4648 1410 4700 p.
1450 4631 1607 4691 514.;
1663 4631 1876 4683 Schulte
1911 4631 1947 4684 1.
1988 4648 2032 4684 c.
2072 4648 2122 4700 p.
2164 4631 2283 4685 332.

490 4716 512 4751 ⁶
550 4712 660 4766 cfr.
700 4730 864 4782 supra
901 4730 952 4781 p.
980 4712 1029 4765 2.
1068 4714 1178 4764 not.
1209 4711 1286 4775 1.;
1325 4728 1482 4780 porro
1510 4712 1664 4763 Sarti
1700 4710 1736 4763 l.
1776 4728 1821 4764 c.
1861 4729 1911 4780 p.
1940 4711 2061 4764 247.
2102 4710 2135 4777 ξ
2176 4711 2252 4774 1.;
2294 4711 2529 4778 Saviqny
2566 4710 2601 4764 l.
2641 4726 2686 4763 c.
2720 4713 2850 4763 tom.
2877 4710 2971 4763 III.

301 4816 356 4868 p.
390 4793 542 4858 171..
582 4793 704 4847 305.
744 4796 800 4846 et
834 4793 988 4856 416.;
1036 4792 1248 4844 Schulte
1283 4790 1318 4843 1.
1359 4808 1403 4844 6.
1443 4808 1494 4859 Ρ.
1537 4792 1656 4845 199.
1698 4793 1754 4844 et
1790 4791 1911 4844 214.
