3355 5328
252 399 257 403 .
347 358 456 412 214
1147 360 1283 414 Pars
1321 361 1388 415 II.
1445 361 1802 415 Collectiones
1841 362 2210 417 decretalium.

350 521 709 604 appellavit
780 523 1329 607 „Extravaqantes
1392 522 1808 606 communes“,
1874 522 1915 589 i.
1975 544 2030 589 e.
2097 522 2528 588 communiter
2595 526 3020 588 occurrentes

350 640 465 684 seu
512 618 822 700 vulgatas
853 622 892 684 ¹.

528 715 735 792 Quam
783 717 1233 783 collectionem
1281 719 1365 784 ad
1410 718 1621 783 instar
1668 718 2070 785 collectionis
2120 718 2565 800 Gregorianae
2616 722 2685 784 et
2728 718 3018 799 reliqua-

349 836 494 879 rum
557 815 904 899 disposuit,
974 816 1319 882 dividendo
1386 837 1530 881 eam
1595 815 1662 881 in
1729 822 2076 883 consuetos
2142 817 2424 899 quinque
2488 817 2707 882 libros
2804 815 3016 892 Quum

351 917 572 978 autem
632 935 751 996 pro
811 914 975 979 libro
1024 920 1292 996 quart0,
1356 918 1690 980 tractante
1739 915 1818 979 de
1878 915 2292 981 matrimonio
2313 966 2326 992 ,
2391 915 2669 981 materia
2730 915 3017 991 deesset,

349 1010 501 1076 hinc
546 1012 688 1076 loco
737 1013 876 1095 ejus
922 1012 1142 1096 posuit
1201 1013 1640 1079 notationem:
1714 1015 1995 1094 Quartus
2056 1013 2216 1078 liber
2268 1023 2468 1079 vacat.
2563 1014 2766 1078 Porro
2814 1012 3023 1076 libros

351 1109 698 1175 subdivisit
745 1110 810 1174 in
858 1114 1099 1194 titulos,
1163 1111 1597 1194 peculiaribus
1651 1111 1961 1188 rubricis,
2027 1133 2190 1193 quas
2252 1132 2475 1176 omnes
2524 1133 2560 1177 e
2610 1111 3025 1192 Gregoriana

353 1211 422 1273 et
479 1208 746 1290 reliquis
807 1209 1297 1274 collectionibus
1359 1213 1840 1293 assumpserat,
1903 1209 2293 1286 instructOS,
2363 1230 2525 1292 quos
2587 1208 2888 1275 distinxit
2948 1207 3024 1272 in

353 1309 586 1391 capita,
634 1307 700 1370 in
750 1307 980 1389 quibus
1027 1307 1206 1390 ipsas
1254 1308 1797 1388 Extravagantes
1845 1306 2210 1374 collocavit.
2769 1383 2772 1386 .

533 1404 994 1470 Collectionem
1058 1406 1155 1471 ita
1225 1406 1611 1471 adornatam
1677 1407 1721 1471 J
1725 1427 1970 1470 oannes
2034 1406 2360 1490 Chappuis
2429 1405 2709 1488 primum
2776 1403 3024 1487 publici

348 1503 513 1587 juris
559 1503 718 1568 fecit
763 1503 1031 1568 Parisiis
1079 1525 1137 1569 a.
1179 1507 1347 1568 1500
1375 1504 1419 1569 ².
1507 1504 1621 1568 Cui
1667 1503 1736 1568 in
1783 1504 1912 1568 alia
1961 1504 2250 1587 ejusdem
2299 1503 2602 1582 editione,
2654 1523 2849 1584 quam
2895 1502 3024 1567 ibi·-

357 1601 504 1666 dem
552 1622 609 1666 a.
666 1603 835 1665 1503
893 1602 1265 1682 evulgavit,
1328 1602 1594 1685 insuper
1651 1607 1793 1668 tres
1833 1603 1972 1685 jam
2032 1605 2431 1667 memoratas
2477 1602 3027 1682 Extravagantes

355 1699 578 1781 Papae
615 1699 893 1764 Joannis
940 1700 1168 1765 XXII.
1192 1724 1212 1764 .·
1260 1701 1453 1764 Sedes
1484 1703 1865 1784 Apostolica,
1917 1701 2202 1785 Suscepti
2248 1703 2577 1785 reyiminis
2624 1703 2692 1764 et
2739 1700 3024 1764 Execra-

358 1798 533 1879 bilis,
600 1796 756 1863 licet
810 1797 947 1879 jam
1014 1797 1081 1861 in
1143 1797 1346 1881 priori
1408 1798 1791 1863 collectione
1852 1798 2106 1879 Viginti
2168 1797 2767 1879 Extravagantium
2828 1797 3027 1880 hujus

359 1893 605 1960 Summi
650 1895 984 1962 Pontificis
1030 1896 1314 1960 insertas
1342 1893 1385 1974 ³,
1449 1896 1700 1961 addidit
1719 1947 1733 1973 ,
1797 1900 1865 1962 et
1926 1896 2187 1978 quidem
2235 1917 2380 1960 cum
2427 1897 2647 1977 glossa
2697 1897 3027 1960 Guilielmi

361 1995 438 2057 de
484 1994 698 2058 Monte
742 1995 1101 2074 LaudunO,
1165 2015 1363 2077 supra
1423 1994 1802 2071 memorati,
1865 1994 2153 2076 itemque
2214 1996 2435 2078 Papae
2483 1995 2812 2059 Benedicti
2858 1993 3018 2058 XII.

358 2090 491 2173 (20.
541 2093 882 2158 Decembr.
938 2094 1305 2158 1334-25.
1356 2092 1562 2176 April.
1619 2093 1817 2174 1342)
1866 2094 2474 2173 Extravagantem:
2536 2093 2664 2156 Vas
2713 2094 3028 2157 electionis

359 2191 638 2273 Paulus,
703 2211 849 2254 cum
910 2191 1131 2271 glossa
1177 2192 1454 2256 Joannis
1502 2192 1839 2256 Francisci
1889 2193 1966 2255 de
2012 2192 2311 2274 PaviniS,
2377 2194 2575 2272 atque
2635 2189 2731 2255 ita
2786 2190 2853 2253 in
2898 2190 3027 2254 hac

362 2287 747 2353 collectione
794 2288 1394 2369 Extravagantium
1456 2289 1834 2355 summatim
1884 2291 1967 2353 74
2016 2290 2556 2370 Extravagantes
2604 2288 2951 2352 collocavit
2976 2286 3026 2353 ⁴.

359 2387 468 2451 Ex
538 2385 641 2449 his
710 2389 864 2450 sunt
918 2389 997 2449 12
1059 2387 1280 2469 Papae
1349 2387 1681 2470 Bonifacii
1736 2387 1915 2452 VIII.
1946 2385 1990 2470 ⁵,
2067 2390 2102 2451 5
2162 2388 2494 2452 Benedicti
2549 2386 2711 2470 XL,
2792 2388 2831 2450 6
2892 2387 3024 2451 Cle-

361 2488 586 2550 mentis
641 2485 711 2549 V.
740 2482 785 2566 ⁶,
859 2487 942 2548 33
1000 2485 1277 2550 Joannis
1333 2485 1602 2569 XXIL,
1677 2488 1715 2548 2
1772 2486 2103 2551 Benedicti
2159 2486 2358 2569 ΧΠ,
2437 2489 2468 2549 1
2527 2487 2857 2550 Clementis
2913 2485 3023 2549 VI.

361 2580 450 2663 (7.
499 2582 1019 2664 Maj11342—6.
1069 2584 1409 2648 Decembr.
1466 2583 1684 2668 1352),
1741 2586 1771 2647 1
1824 2585 2069 2648 Urbani
2115 2585 2184 2649 V.
2235 2581 2368 2664 (28.
2421 2583 2564 2649 Oct.
2605 2585 2774 2648 1362
2824 2604 2885 2647 u,
2938 2582 3025 2646 ad

372 2684 471 2746 19.
522 2681 862 2745 Decembr.
904 2681 1122 2763 1370),
1174 2685 1211 2745 2
1262 2684 1539 2747 Martini
1589 2684 1654 2748 V.
1708 2681 1840 2763 (11.
1891 2683 2061 2748 Nov.
2114 2685 2482 2747 1417—20.
2531 2682 2719 2747 Febr.
2760 2680 2959 2762 1431)
2979 2680 3029 2764 ⁷,

544 2842 563 2876 ¹
600 2840 662 2894 Id
702 2841 843 2908 quod
880 2839 998 2909 ipse
1034 2838 1212 2892 innuit
1249 2838 1304 2891 in
1341 2856 1522 2901 versu,
1560 2838 1617 2892 in
1641 2839 1821 2893 fronte
1846 2838 2008 2909 hujus
2035 2838 2369 2892 collectionis
2406 2838 2598 2907 posito,
2637 2836 2730 2890 ubi
2765 2837 3028 2890 lectorem

360 2921 441 2974 ita
479 2920 807 2988 alloquitur:
872 2918 1091 2985 „Cernis
1129 2919 1574 2985 Extravagantes
1624 2937 1971 2983 communes;
2011 2961 2023 2972 .
2067 2961 2078 2973 .
2119 2960 2130 2972 .
2172 2919 2400 2973 Omnem
2452 2921 2712 2971 tritarum
2749 2916 3031 2970 cumulum

363 3001 509 3069 gerit
535 3001 1026 3068 extravayantum.“
1076 2999 1258 3069 (Apud
1287 3001 1514 3067 Schiche,
1551 2999 1650 3052 Die
1679 2999 2007 3053 Geschichte
2035 3000 2129 3052 der
2156 2999 2397 3064 Quellen,
2424 3002 2552 3052 tom.
2580 2998 2647 3051 ΙΙ.
2675 3016 2726 3067 p.
2756 2998 2839 3051 62.
2868 3015 2919 3050 n.
2947 2996 3027 3065 4.)

544 3084 564 3115 2
602 3081 664 3134 In
700 3081 948 3150 praefata
986 3079 1220 3133 editione
1248 3079 1497 3148 Corporis
1529 3079 1669 3149 juris
1709 3079 1968 3143 canonici,
2006 3079 2206 3133 ibidem
2245 3097 2277 3132 a
2304 3077 2611 3148 bibliopolis
2637 3077 2892 3131 Udalrico
2924 3076 3030 3130 Ge·

369 3160 495 3228 ring
534 3164 589 3214 et
626 3161 920 3214 Bertholdo
958 3160 1212 3213 Rembolt
1249 3177 1296 3212 a.
1341 3160 1477 3213 1499
1518 3177 1598 3227 sq.
1637 3164 1847 3229 parata.

549 3243 568 3276 3
606 3241 761 3295 Extr.
804 3241 959 3294 Joan.
999 3240 1171 3293 XXII.
1225 3258 1342 3309 cap.
1387 3242 1431 3293 1.
1486 3241 1551 3293 de
1590 3258 1829 3293 concess,
1883 3240 2170 3310 praebend.
2211 3239 2334 3302 IV.;
2392 3256 2509 3308 cap.
2549 3239 2598 3291 2.
2655 3239 2720 3291 de
2759 3238 2915 3291 elect.
2954 3237 3034 3301 1.;

367 3340 485 3391 cap.
525 3340 613 3374 un.
656 3323 721 3375 de
759 3322 1047 3391 praebend.
1088 3321 1180 3373 III.

543 3404 567 3438 4
603 3401 751 3456 Dicit
800 3401 1017 3470 quidem
1068 3400 1211 3454 idem
1250 3403 1490 3453 Joannes
1532 3402 1808 3468 Chappuis
1857 3399 1914 3453 in
1965 3417 2067 3453 sua
2119 3401 2434 3468 „Antiloqia
2491 3398 2874 3466 Correctoris“‚
2929 3396 3037 3450 sub

368 3501 488 3551 qu0,
528 3486 591 3535 ut
628 3500 792 3552 supra
825 3481 897 3551 (p.
926 3480 1071 3548 211.)
1102 3480 1462 3544 meminimuS,
1500 3480 1828 3547 intelligitur
1865 3480 1999 3550 ipse,
2036 3479 2093 3532 in
2131 3479 2457 3533 editionibus
2495 3479 2659 3549 hujus
2697 3477 3038 3532 collectionis

365 3562 878 3630 Extravagantium,
918 3580 970 3615 V.
1000 3579 1052 3628 g.
1081 3561 1377 3614 Parisiensi
1404 3579 1451 3613 a.
1484 3562 1620 3615 1503
1657 3564 1714 3614 et
1739 3560 2089 3627 Lugdunensi
2116 3578 2163 3613 a.
2196 3560 2348 3623 1507,
2387 3558 2564 3629 posita
2603 3562 2660 3612 et
2695 3577 2727 3612 a
2753 3560 3037 3626 Bickellio,

368 3644 547 3697 Ueber
586 3643 670 3696 die
709 3643 1058 3709 Entstehung
1095 3644 1205 3696 und
1245 3642 1347 3695 den
1384 3640 1646 3709 heutigen
1688 3641 1976 3695 Gebrauch
2016 3642 2111 3695 der
2148 3641 2341 3694 beiden
2381 3640 3037 3708 Extravagantensamm·

366 3724 570 3790 lungen
610 3724 704 3776 des
745 3722 899 3793 Corp.
936 3722 1041 3793 jur.
1083 3740 1231 3786 can.,
1284 3741 1334 3791 p.
1379 3723 1495 3775 127.
1536 3739 1689 3790 sqq.,
1730 3723 1980 3785 adducta,
2021 3740 2079 3775 se
2117 3723 2334 3790 praeter
2371 3721 2649 3789 praefatas
2685 3724 2799 3773 tres
2838 3719 3038 3772 Extra—

367 3806 641 3870 vagantes
679 3804 862 3871 Papae
916 3805 1153 3856 Joannis
1191 3804 1378 3855 XXII.
1433 3806 1489 3855 et
1538 3805 1756 3872 praeter
1807 3802 2306 3869 Extravagantem:
2359 3803 2466 3853 Vas
2511 3803 2774 3853 electionis
2814 3801 3037 3861 Paulus,

373 3882 539 3936 etiam
585 3884 792 3950 „Super
830 3885 1168 3951 cathedram,
1223 3884 1287 3935 de
1326 3883 1579 3952 sepultu.,
1632 3900 1756 3935 cum
1796 3882 2021 3935 Joannis
2058 3881 2311 3935 Monachi
2348 3881 2707 3948 glossemate“
2763 3878 2890 3933 huic
2928 3879 3035 3932 col,

370 3962 591 4016 lectioni
629 3962 972 4015 adnexuisse.
1026 3963 1285 4016 Attamen
1322 3962 1425 4015 hoc
1462 3964 1797 4016 solummodo
1838 3964 1902 4015 de
1941 3962 2241 4016 adnexione
2282 3962 2515 4029 glossae,
2555 3961 2623 4014 ad
2661 3960 2810 4013 illam
2837 3959 3036 4013 Extra·

368 4046 664 4111 vagantem
724 4043 862 4112 (cap.
903 4044 951 4096 2.
1011 4046 1075 4096 de
1114 4043 1309 4113 sepult.
1351 4044 1444 4097 III.
1485 4044 1558 4111 6.)
1617 4062 1649 4097 a
1690 4045 1897 4097 Joanne
1935 4043 2201 4097 Monacho
2255 4041 2566 4112 appositae,
2619 4040 3036 4108 intelligendum

371 4142 491 4178 esse
530 4124 764 4177 videtur.
842 4123 949 4176 cfr.
990 4126 1196 4176 Biclcell
1246 4123 1280 4176 1.
1321 4142 1366 4177 0.
1406 4142 1456 4193 p.
1499 4125 1583 4177 35.
1622 4127 1733 4177 not.
1775 4125 1823 4177 2.
1900 4124 2081 4193 Ipsam
2134 4121 2424 4176 editionem
2460 4120 2690 4191 primam
2728 4120 2891 4191 hujus
2930 4119 3040 4173 col·

370 4204 637 4268 lectionis,
676 4203 1044 4257 Parisiensem
1083 4222 1129 4257 a.
1175 4205 1328 4268 1500,
1368 4204 1665 4257 collaturus
1706 4204 1947 4257 obtinere
1985 4222 2092 4257 non
2129 4201 2297 4256 valui.

554 4287 574 4319 ⁵
611 4284 1029 4351 Extravagans:
1072 4286 1275 4337 Sancta
1312 4286 1563 4337 Romana
1600 4287 1842 4337 Ecclesia
1887 4284 2025 4353 (cap.
2054 4283 2103 4337 3.
2146 4283 2210 4335 de
2249 4281 2404 4335 elect.
2445 4281 2600 4334 Extr.
2641 4299 2829 4335 comm.
2857 4282 2897 4334 I.
2940 4282 3039 4349 3.),

373 4383 536 4433 quam
592 4366 805 4417 Schulte
860 4364 916 4432 (1.
957 4381 1002 4417 c.
1056 4383 1107 4434 p.
1148 4365 1231 4417 51.
1273 4363 1377 4432 sq.)
1422 4363 1605 4433 Papae
1643 4366 1926 4417 Benedicto
1964 4366 2063 4417 XI.
2121 4363 2463 4416 tribuendam
2515 4379 2635 4415 esse
2691 4364 2877 4431 putat,
2930 4380 3038 4416 non

372 4444 552 4516 hujuS,
593 4445 689 4498 sed
727 4444 910 4514 Papae
950 4446 1228 4511 Bonifacii
1264 4446 1415 4497 VIII.
1457 4447 1556 4497 est.
1635 4444 1744 4497 cfr.
1787 4447 2039 4512 Potthast‚
2079 4444 2319 4510 Regesta
2358 4442 2572 4495 Pontiff.
2613 4442 2783 4506 Rom„
2822 4441 2930 4497 vol.
2967 4443 3037 4497 II.

375 4545 427 4595 p.
468 4527 626 4581 2008.
666 4544 719 4578 n.
761 4526 966 4578 25115.

555 4609 575 4642 ⁶
615 4605 855 4671 Quarum
907 4623 1039 4670 una,
1095 4606 1396 4658 Pastoralis
1434 4623 1598 4674 cura,
1655 4605 1712 4657 in
1763 4605 1869 4658 fine
1907 4603 2338 4671 Extravagantis
2375 4603 2557 4672 Papae
2595 4604 2869 4655 Benedicti
2903 4605 3005 4656 XI.
3024 4624 3044 4656 .-

379 4688 531 4751 Quod
568 4689 710 4754 olim,
749 4685 805 4739 in
844 4704 960 4755 cap.
1000 4704 1089 4739 un.
1132 4686 1196 4738 de
1235 4684 1504 4738 immunit.
1545 4685 1759 4749 eccles,
1799 4685 1953 4755 Extr.
1995 4702 2185 4738 comm.
2225 4684 2317 4737 III.
2363 4683 2445 4736 13.
2483 4682 2708 4747 relatae,
2748 4683 3040 4751 allegatur.

378 4765 487 4820 cfr.
529 4766 672 4819 infra
711 4784 762 4834 p.
803 4766 924 4819 216.
965 4766 997 4832 ἓ
1040 4766 1157 4819 150.

558 4848 575 4880 '¹
614 4846 823 4898 Harum
881 4846 1083 4909 altera,
1142 4848 1298 4898 Viam
1336 4846 1647 4897 ambitiosae
1703 4844 1843 4914 (cap.
1888 4847 1932 4898 1.
1988 4845 2052 4899 de
2091 4844 2325 4911 regular.
2383 4843 2538 4897 Extr.
2578 4860 2768 4897 comm.
2808 4843 2903 4896 ΙΠ.
2944 4843 3044 4911 8.),
