3355 5328
413 312 517 365 222
1245 310 1384 364 Pars
1421 311 1516 364 III.
1575 311 1781 380 Corpus
1814 308 1954 379 juris
1991 307 2250 362 canonici.

590 471 944 536 Concilium
991 473 1357 538 Basileense
1404 472 1902 556 (1431—1443)
1942 493 2103 538 sess.
2137 472 2374 538 XXIII.
2426 470 2511 553 (a.
2551 471 2751 554 1436)
2793 493 2931 555 cap.
2970 474 3031 538 6.
3056 470 3077 512 ¹

410 570 682 635 Librum
729 572 988 635 Sextum
1033 571 1326 636 nomine:
1393 572 1636 656 Corpus
1669 574 1851 656 juris
1899 570 2247 651 (canonici)
2298 569 2704 652 designavit,
2754 572 3077 636 Extrava-

405 676 627 752 yantes
675 672 917 746 autem,
969 667 1189 751 prouti
1237 668 1402 733 alias
1448 670 1850 753 posteriores
1898 667 2402 734 constitutiones
2448 668 2817 752 pontificias
2865 671 2935 733 et
2981 667 3079 733 sic

412 766 622 830 dictas
687 768 964 851 Reyulas
1032 768 1469 832 Cancellariae
1528 768 1926 852 Apostolicae
1952 764 1976 803 ²
2042 788 2083 831 a
2150 767 2426 851 Corpore
2479 768 2659 851 juris
2725 766 3078 847 (canonica)

411 863 731 940 distinxit,
784 864 936 928 dum
984 884 1097 929 eas
1144 864 1600 930 tantummodo
1633 864 2118 930 reservationes
2164 863 2627 929 beneficiorum
2675 863 3079 930 ecclesiasti-

411 981 634 1026 corum
698 961 1065 1045 pontificias
1128 962 1400 1027 retineri
1465 961 1674 1029 voluit
1698 1013 1712 1040 ,
1786 983 1954 1045 quae
2016 962 2085 1026 in
2154 963 2427 1047 Corpore
2476 965 2656 1047 juris
2722 962 3078 1043 (canonici)

410 1062 682 1143 clausae,
732 1060 771 1125 i.
823 1081 878 1125 e.
928 1059 1217 1126 insertae
1265 1081 1381 1124 seu
1428 1061 1681 1126 relatae
1729 1061 1894 1139 sint,
1951 1061 2071 1125 sub
2121 1060 2353 1142 quibus
2399 1060 2784 1125 nominatim
2830 1060 3079 1126 intelli-

410 1158 665 1239 gendae
712 1162 866 1223 sunt
912 1158 1418 1236 reservationes‚
1468 1159 1536 1223 in
1568 1180 1753 1242 capp.
1792 1161 1851 1224 2.
1888 1161 1992 1224 34.
2029 1158 2110 1223 de
2141 1157 2493 1242 praebend.
2541 1158 2610 1223 in
2643 1158 2824 1224 Sext.
2859 1159 2974 1224 III.
3011 1161 3076 1226 4.

411 1255 734 1321 adductae
761 1252 805 1333 ³,
855 1256 1142 1338 reliquas
1175 1260 1397 1322 autem
1431 1278 1676 1334 omneS,
1727 1256 1866 1321 sive
1910 1256 2319 1321 introductas
2350 1277 2469 1340 per
2500 1257 3080 1338 Extravagantem

410 1355 632 1438 Papae
663 1355 994 1420 Benedicti
1024 1355 1221 1419 XII:
1270 1357 1380 1419 Act
1421 1358 1700 1440 reqimen
1722 1354 1767 1438 ⁴,
1816 1354 1923 1419 vel
1954 1375 2073 1438 per
2103 1355 2677 1435 Extravagantem
2707 1355 2929 1438 Papae
2960 1356 3080 1420 Jo-

413 1455 603 1517 annis
650 1452 877 1518 XXII.
902 1476 923 1517 .·
969 1454 1370 1518 Execrabilts
1397 1452 1439 1538 ⁵,
1490 1452 1631 1517 sive
1676 1473 1795 1535 per
1840 1453 2131 1533 Regulas
2169 1451 2611 1517 Cancellariae
2653 1452 3079 1536 Apostolicae

362 1613 369 1620 ,
411 1551 518 1614 vel
566 1550 729 1615 alias
777 1550 1281 1616 constitutiones
1329 1550 1718 1634 pontificias,
1769 1550 2017 1615 aboleri
2063 1550 2299 1616 statuit
2327 1548 2369 1617 ⁶.

415 1769 505 1820 Ad
542 1769 908 1835 expediendoe,
949 1768 1049 1820 sub
1090 1785 1196 1835 qua
1235 1768 1302 1820 ad
1329 1767 1659 1837 Philippum,
1698 1767 2091 1820 Bononiensem
2132 1766 2587 1831 archidiaconum,
2627 1768 2981 1836 decretalium
3021 1771 3080 1822 et

414 1845 876 1911 constitutionum,
916 1864 948 1900 a
986 1865 1045 1900 se
1085 1847 1352 1900 editarum
1392 1850 1448 1900 et
1486 1846 1792 1901 collectioni
1832 1846 2199 1914 Gregorianae
2233 1846 2658 1912 inserendarum,
2697 1852 2859 1901 initia
2895 1852 3079 1904 trans-

414 1926 565 1980 misit
581 1969 593 1990 ,
647 1926 858 1981 dicens:
922 1927 1413 1993 „Constitutionum
1466 1926 1819 1981 decretalium
1871 1930 1927 1980 et
1964 1926 2316 1996 epistolarum
2331 1969 2344 1991 ,
2398 1945 2536 1996 quas
2585 1930 2827 1997 tempore
2864 1928 3079 1998 pontifi-

414 2010 570 2060 catus
608 2007 783 2060 nostri
821 2006 1087 2061 edidimus
1107 2050 1118 2072 ,
1176 2025 1421 2077 quasque
1459 2007 1516 2061 in
1555 2025 1779 2075 corpore
1803 2010 1956 2074 juris
1994 2006 2260 2060 contineri
2298 2007 2665 2072 decernimUS,
2713 2008 2815 2061 tibi
2865 2026 3077 2078 compe-

414 2086 658 2140 tentibus
696 2086 1008 2154 assignatas
1046 2086 1225 2140 titulis
1265 2088 1519 2140 duximus
1557 2087 2062 2141 transmittendas“.
2140 2087 2247 2140 cfr.
2288 2105 2454 2156 supra
2491 2105 2542 2156 p.
2585 2088 2703 2142 169.
2740 2091 2851 2141 not.
2889 2089 2940 2142 4.

594 2178 613 2209 ¹
652 2178 931 2245 Harduz'n,
970 2179 1098 2229 tom.
1121 2175 1267 2228 VIII.
1308 2177 1407 2229 col.
1439 2177 1623 2240 1210.;
1664 2178 1865 2245 Mansi,
1905 2179 2033 2229 tom.
2062 2176 2257 2229 XXIX.
2300 2177 2399 2230 col.
2430 2177 2547 2230 120.
2600 2177 2662 2229 111
2697 2176 2971 2244 reliquum
3009 2177 3077 2230 de

412 2254 508 2308 illa
558 2256 800 2309 sessione
855 2256 1018 2326 hujus
1059 2255 1283 2309 Concilii
1338 2256 1464 2310 vide
1520 2259 1703 2323 Hefele
1720 2298 1736 2325 ,
1795 2256 2417 2324 Conciliengeschichte,
2473 2257 2555 2310 ed.
2608 2256 2855 2325 Friburg.
2893 2256 3076 2324 Brisg.

416 2336 553 2389 1855
592 2353 730 2404 sqq„
768 2339 897 2389 tom.
937 2336 1056 2390 VII.
1097 2355 1148 2406 p.
1189 2337 1309 2390 628.
1349 2355 1469 2405 sqq.

593 2426 614 2459 ²
650 2427 884 2492 Requlae
925 2426 1293 2478 Cancellariae
1330 2428 1668 2494 Apostolicae
1706 2428 1834 2479 sunt
1871 2425 2286 2479 constitutiones
2323 2425 2632 2495 pontificiae
2649 2468 2662 2490 ,
2702 2426 2898 2494 quibus
2940 2425 3075 2479 Can·

413 2505 665 2559 cellariae
703 2505 1050 2574 Apostolicae
1088 2522 1323 2570 normae,
1363 2505 1685 2575 expediendi
1722 2505 1959 2573 negotia,
1997 2507 2067 2559 ad
2104 2506 2279 2575 ipsam
2316 2505 2661 2575 pertinentia,
2701 2505 3077 2575 praescribun-

411 2588 517 2638 tur.
568 2586 807 2638 Eaedem
844 2586 1043 2655 partim
1082 2587 1151 2639 ad
1188 2587 1421 2650 modum,
1460 2586 1682 2653 negotia
1720 2587 1788 2639 ad
1828 2585 2220 2639 Cancellariam
2256 2586 2628 2656 Apostolicam
2666 2587 2896 2640 deducta
2932 2589 3077 2641 trac-

409 2666 565 2720 tandi
603 2670 658 2720 et
696 2667 1017 2737 expediendi
1054 2667 1385 2734 generatim,
1424 2670 1691 2737 spectant,
1731 2671 1787 2721 et
1822 2667 1926 2721 hae
1962 2670 2179 2735 requlae
2216 2670 2502 2720 directivae
2539 2667 2819 2739 dicuntur3
2871 2667 3079 2737 partim

411 2746 812 2800 reservationes
851 2746 1347 2800 ecclesiasticorum
1384 2747 1766 2801 beneficiorum
1805 2747 2071 2812 attinent,
2131 2750 2187 2801 et
2222 2747 2325 2801 hae
2365 2747 2618 2801 dicuntur
2654 2750 2871 2815 reyulae
2905 2766 3076 2801 reser-

411 2831 687 2894 vatoriae;
723 2827 923 2896 partim
962 2829 1030 2880 ad
1065 2827 1374 2898 hujusmodi
1412 2846 1607 2882 causas
1646 2846 1744 2882 seu
1781 2846 1870 2881 res
1895 2827 2271 2897 processuales
2296 2828 2586 2897 pertinent,
2625 2832 2681 2882 et
2716 2829 2820 2882 hae
2858 2831 3078 2895 requlae

398 2909 693 2975 judiciales
743 2907 1104 2976 appellantur.
1180 2908 1306 2961 Vim
1344 2909 1618 2972 obtinent,
1658 2908 1919 2976 quamdiu
1956 2908 2210 2961 Summus
2246 2908 2506 2962 Pontifex
2542 2908 2712 2973 vivit;
2764 2927 2825 2962 eo
2863 2912 3077 2962 mortuo

412 2986 526 3040 vim
564 2987 837 3041 amittunt.
888 2988 938 3041 A
978 2987 1171 3056 quovis
1210 2988 1428 3041 Summo
1454 2950 1718 3042 Pontifice
1756 2988 1909 3042 initio
1949 2987 2307 3042 Pontificatus
2347 2989 2683 3053 emittuntur,
2721 2989 2812 3042 vel
2850 2989 2917 3042 ab
2957 2989 3078 3059 ejus

411 3067 826 3136 praedecessore
865 3067 1096 3122 emissae
1135 3070 1535 3122 confirmantur.
1588 3070 1958 3123 Numerantur
1993 3069 2291 3123 universim
2330 3069 2679 3138 septuaginta
2718 3069 2872 3122 duae.
2925 3068 3077 3134 Quae

411 3147 649 3213 regulae,
691 3165 856 3216 quum
894 3148 1128 3218 primum
1167 3151 1540 3203 tantummodo
1578 3167 1681 3202 usu
1721 3149 2123 3213 constitissent,
2163 3167 2195 3202 a
2233 3149 2385 3219 Papa
2424 3152 2640 3203 Joanne
2675 3151 2863 3202 XXII.
2909 3149 3076 3217 (1316
3126 3160 3130 3163 ’

412 3246 463 3281 11.
504 3229 572 3281 ad
615 3227 774 3296 1334)
818 3229 1020 3299 scripto
1058 3231 1349 3283 mandatae
1387 3233 1531 3283 sunt.
1609 3229 1718 3284 cfr.
1760 3231 1825 3283 de
1863 3230 1931 3283 iis
1968 3232 2221 3298 Banyen,
2274 3229 2374 3283 Die
2412 3237 2544 3283 rom.
2585 3229 2761 3283 Curie.
2836 3230 3072 3285 Monast.

415 3309 568 3372 1854,
607 3328 658 3378 p.
698 3310 820 3363 443.
862 3327 1011 3378 sqq.;
1051 3312 1273 3379 Doujat‚
1314 3310 1592 3363 Praenott.
1633 3328 1858 3364 canonn.
1898 3310 1989 3363 lib.
2032 3310 2125 3363 IV.
2165 3328 2282 3380 cap.
2324 3311 2409 3364 25.
2448 3329 2500 3364 11.
2542 3312 2589 3364 7.

594 3400 612 3432 ³
648 3398 851 3452 Earum
877 3399 1037 3468 prior,
1076 3399 1134 3452 in
1160 3418 1275 3469 cap.
1304 3400 1353 3454 2.
1396 3401 1460 3453 de
1498 3400 1787 3470 praebend.
1826 3399 1884 3452 in
1921 3399 2070 3453 Sext.
2099 3399 2193 3453 III.
2220 3400 2270 3453 4.
2310 3400 2501 3463 relata,
2541 3416 2679 3468 quae
2711 3399 2825 3468 jam
2864 3417 2896 3452 a
2922 3399 3076 3469 Papa

416 3480 673 3531 Clemente
709 3482 801 3533 IV.
846 3480 954 3547 (15.
993 3480 1148 3534 Febr.
1193 3481 1490 3534 1265—29.
1530 3481 1666 3533 Nov.
1712 3480 1871 3547 1268)
1913 3479 2222 3533 introducta
2260 3483 2361 3544 est,
2400 3479 2637 3549 pertinet
2674 3480 2743 3532 ad
2780 3479 2875 3533 illa
2912 3479 3074 3534 bene-

410 3558 535 3611 ficia
573 3559 946 3613 ecclesiastica
964 3602 976 3623 ,
1031 3578 1169 3628 quae
1207 3563 1546 3613 vacaverunt
1584 3578 1680 3629 per
1718 3560 1925 3613 obitum
1962 3564 2023 3612 in
2066 3561 2236 3612 Curia
2251 3601 2267 3628 ‚
2323 3559 2357 3613 i.
2398 3578 2427 3613 e
2468 3577 2693 3628 quorum
2730 3577 3076 3628 possessores

412 3638 662 3692 obierunt
698 3640 900 3693 Romae
947 3640 1039 3694 vel
1091 3641 1196 3693 alio
1234 3641 1380 3705 1000,
1433 3640 1525 3693 ubi
1562 3640 1714 3709 Papa
1753 3658 1877 3693 cum
1926 3657 2026 3693 sua
2066 3639 2227 3693 Curia
2278 3640 2566 3694 residebat.
2642 3640 2830 3693 Altera
2869 3657 3075 3706 earum,

413 3718 469 3771 in
507 3736 623 3787 cap.
663 3720 748 3773 34.
802 3721 917 3773 eod.
955 3721 1150 3789 posita,
1190 3738 1222 3773 a
1260 3720 1412 3789 Papa
1449 3722 1739 3791 Bonifacio
1777 3722 1928 3773 VIII.
1974 3718 2082 3787 (24.
2122 3720 2249 3774 Dec.
2293 3721 2589 3774 1294—11.
2627 3720 2745 3773 Oct.
2790 3718 2951 3788 1303)
2994 3720 3077 3774 in-

411 3800 678 3863 troducta,
716 3803 929 3870 spectat
966 3802 1035 3854 ad
1073 3800 1333 3854 beneficia
1372 3800 1745 3854 ecclesiastica
1783 3800 2021 3853 omnium
2059 3799 2360 3864 curialium,
2399 3800 2433 3854 i.
2462 3819 2507 3854 e.
2547 3799 2861 3853 officialium
2896 3801 3075 3869 ponti-

384 3874 565 3931 ficiae
594 3879 801 3944 Curiae,
841 3884 897 3934 et
934 3882 1003 3934 ad
1041 3881 1414 3935 ecclesiastica
1452 3881 1712 3935 beneficia
1748 3881 1983 3945 illorum,
2023 3881 2116 3949 qui
2152 3880 2209 3934 in
2245 3881 2379 3946 locO,
2418 3899 2451 3934 a
2487 3881 2617 3934 sede
2653 3879 2928 3950 pontificia
2965 3900 3075 3936 non

410 3959 556 4012 ultra
593 3962 730 4012 duas
767 3963 973 4014 diaetas
1012 3964 1200 4029 leqales
1243 3961 1372 4029 (una
1412 3961 1591 4015 diaeta
1628 3961 1825 4028 legalis
1867 3960 2245 4031 complectitur
2282 3962 2351 4015 20
2367 3962 2471 4015 000
2509 3978 2799 4030 passuum,
2839 3960 2873 4014 i.
2914 3979 2960 4016 e.
3002 3963 3074 4017 20

408 4039 663 4093 milliaria
700 4059 922 4094 romana
961 4059 1060 4095 seu
1109 4042 1295 4095 italica
1347 4059 1443 4095 seu
1483 4043 1514 4094 5
1552 4041 1808 4094 milliaria
1860 4041 2201 4108 germanica;
2258 4042 2355 4095 cfr.
2394 4041 2430 4095 l.
2471 4041 2519 4094 3.
2558 4041 2623 4094 D.
2679 4042 2744 4094 de
2782 4041 2849 4094 V.
2889 4040 2941 4095 S.
2984 4043 3071 4098 50.

414 4120 519 4189 16.)
563 4123 799 4184 remote,
852 4121 1116 4174 obierunt.
1195 4121 1303 4174 cfr.
1343 4124 1570 4190 Veriny,
1622 4121 1911 4174 Lehrbuch
1964 4123 2058 4174 des
2108 4121 2346 4184 kathol.,
2399 4119 2644 4174 oriental.
2696 4120 2805 4173 und
2843 4124 3072 4189 protest.

408 4201 849 4266 KirchenrechtS,
889 4203 971 4255 ed.
1011 4202 1078 4255 ΙΙ.
1118 4220 1169 4271 p.
1212 4202 1332 4254 533.
1373 4219 1454 4270 sq.

587 4293 606 4325 ⁴
650 4292 778 4360 Cap.
823 4292 904 4345 13.
946 4292 1011 4345 de
1048 4292 1337 4360 praebend.
1376 4291 1532 4345 Extr.
1573 4309 1764 4344 comm.
1804 4291 1897 4344 III.
1938 4292 1987 4344 2.

591 4384 609 4453 5
649 4381 777 4450 Cap.
832 4400 920 4434 un.
980 4382 1045 4434 de
1096 4381 1384 4450 praebend.
1439 4381 1533 4433 III.
1591 4381 1748 4434 Extr.
1804 4380 1959 4434 Joan.
2008 4380 2215 4444 XXII.;
2271 4379 2404 4433 item
2461 4397 2579 4449 cap.
2632 4380 2683 4433 4.
2736 4379 2851 4432 eod.
2910 4378 3069 4433 Extr.

410 4478 600 4514 comm.
640 4462 733 4514 III.
775 4463 823 4515 2.

590 4552 610 4586 ⁶
649 4550 801 4615 Quod
840 4552 1116 4606 decretum
1168 4550 1497 4603 verbotenus
1536 4553 1725 4613 sonat,
1776 4552 1839 4602 ut
1876 4549 2151 4617 sequitur:
2211 4549 2313 4615 „Et
2365 4547 2492 4617 quia
2529 4547 2861 4617 multiplices
2900 4548 3071 4601 eccle-

411 4629 614 4683 siarum
653 4634 708 4684 et
745 4631 1123 4685 beneficiorum
1151 4631 1414 4684 hactenus
1453 4633 1631 4684 factae
1667 4648 1763 4700 per
1790 4630 2038 4683 Summos
2064 4630 2357 4684 Pontifices
2394 4628 2795 4683 reservationes
2831 4646 2940 4682 non
2977 4646 3069 4698 pa-

410 4728 531 4762 rum
567 4711 848 4766 Ecclesiae
886 4730 1143 4766 onerosae
1182 4710 1528 4774 exstiterunt,
1567 4711 1718 4780 ipsas
1756 4729 1960 4775 omnes,
2001 4753 2011 4763 .
2054 4752 2065 4764 .
2108 4753 2119 4764 .
2159 4710 2278 4764 sive
2316 4727 2413 4779 per
2448 4709 2925 4776 Extravagantes:
2980 4711 3069 4762 Ad

411 4794 645 4858 reyimen
684 4796 739 4846 et
775 4795 1143 4862 Execrabilis,
1200 4791 1318 4846 sive
1356 4810 1452 4861 per
1489 4794 1723 4859 Requlas
1765 4793 2136 4844 Cancellariae
2182 4794 2278 4844 aut
2328 4789 2466 4844 alias
2504 4788 2832 4858 apostolicas
2870 4788 3069 4843 consti-
