3355 5328
1316 291 1492 363 Caput
1527 293 1649 348 VH.
1703 292 1736 361 ἓ
1771 293 1859 348 48.
2843 289 2911 343 79

437 453 510 517 Id
554 453 726 534 quod
771 452 973 520 etiam
1020 454 1099 519 de
1144 453 1439 538 pluribus
1487 456 1673 519 dictis
1723 454 2031 518 Gratiani
2077 451 2328 516 factum
2374 454 2476 515 est
2501 451 2542 515 ¹.

436 551 784 617 Decretum
833 551 1132 617 Gratiani
1191 555 1411 618 autem
1456 555 1673 618 totum
1716 553 2031 633 quantum
2078 569 2195 614 seu
2243 568 2372 631 qua
2414 546 2709 613 collectio
2757 547 2911 611 cha-

278 653 512 714 ractere
581 647 820 714 codicis
890 648 1317 716 ecclesiastici
1386 648 1777 715 universalis
1845 646 2168 714 munitum
2237 647 2568 728 hucusque
2637 645 2719 710 ab
2784 644 2912 709 Ec-

280 745 456 812 clesia
499 767 629 811 non
675 749 797 813 est.

436 843 578 909 Hoc
626 843 827 910 etiam
873 844 1000 909 viri
1047 844 1305 923 eruditi,
1352 844 1644 910 maxima
1674 844 1743 909 in
1774 843 1919 909 foro
1950 840 2287 908 Ecclesiae
2319 839 2715 907 auctoritate
2746 861 2911 922 gau-

279 941 504 1020 dentes,
554 945 1028 1009 contestantur.
1108 942 1290 1007 Inter
1337 963 1498 1024 quos
1544 962 1705 1026 prae
1752 940 2031 1007 caeteris
2077 939 2536 1005 memorandus
2584 943 2687 1004 est
2732 941 2911 1003 Ana-

279 1041 449 1104 cletus
494 1040 905 1123 Reiffenstuel
922 1092 942 1125 ,
1000 1040 1075 1106 Ο.
1127 1039 1190 1106 S.
1240 1041 1346 1106 Fr.
1368 1090 1382 1118 ,
1442 1040 1610 1124 juris
1657 1038 1953 1105 canonici
1998 1038 2065 1103 in
2109 1036 2468 1102 Academia
2512 1035 2915 1118 Frisingensi

277 1136 593 1220 professor
624 1136 694 1219 (†
730 1140 808 1203 17
817 1136 949 1220 03),
991 1138 1130 1221 jam
1176 1158 1375 1222 saepe
1415 1138 1742 1215 laudatuS,
1792 1137 1902 1220 qui
1947 1136 2215 1220 insuper
2258 1157 2377 1219 pro
2425 1133 2914 1200 confirmatione

275 1234 449 1317 hujus
510 1255 670 1300 suae
738 1234 1106 1301 sententiae
1166 1235 1559 1302 decisionem
1629 1234 1915 1319 supremi
1982 1233 2328 1301 tribunalis
2401 1231 2655 1297 romani
2677 1282 2691 1309 ,
2759 1231 2915 1298 dicti

277 1332 427 1396 Rota
469 1334 767 1398 Romana
792 1328 839 1418 ²,
887 1333 1136 1415 allegat
1161 1330 1205 1400 ³.

438 1430 609 1495 Item
639 1430 919 1516 Prosper
947 1432 1370 1516 Lambertini,
1418 1431 1946 1515 archiepiscopus
1976 1428 2426 1506 Bononiensis,
2462 1427 2694 1493 deinde
2728 1427 2915 1493 Sum-

276 1547 405 1592 mus
434 1527 745 1595 Pontifex
789 1529 1050 1594 nomine
1093 1530 1474 1595 Benedictus
1504 1529 1691 1595 XIV.
1734 1527 1846 1610 (17
1852 1527 2255 1609 40—1758),
2304 1526 2414 1609 qui
2462 1525 2720 1608 quidem
2767 1525 2916 1590 huic

278 1624 363 1690 rei
417 1625 862 1693 testimonium
920 1627 1222 1711 perhibet
1274 1627 1554 1711 primum
1615 1627 1686 1692 in
1745 1648 1863 1692 suo
1924 1625 2221 1710 superius
2274 1629 2636 1690 memorato
2685 1644 2915 1708 opere:

283 1723 409 1803 „De
450 1725 790 1790 Servorum
835 1726 960 1790 Dei
1007 1726 1460 1809 beatificatione
1508 1735 1561 1791 et
1621 1728 1944 1791 beatorum
1991 1720 2504 1789 σανιοηίεαίιόηεα
2532 1720 2579 1806 ⁴,
2639 1721 2750 1787 ubi
2795 1722 2920 1786 hoc

278 1825 568 1905 respectu
632 1821 727 1888 ait
750 1872 764 1899 ,
833 1822 1131 1889 Gratiani
1191 1823 1544 1889 Decretum
1607 1843 2023 1905 nequaquam
2091 1820 2294 1885 fuisse
2355 1841 2396 1885 a
2455 1820 2638 1904 Papa
2698 1820 2918 1901 Euge-

279 1917 374 1983 nio
418 1919 532 1986 ΠΙ.
583 1920 1036 2003 approbatum,
1087 1922 1353 2005 ejusque
1391 1920 1861 1987 correctionem
1909 1919 2109 1987 etiam
2155 1921 2307 2002 post
2330 1919 2747 1983 Correctores
2786 1918 2918 1983 Ro-

276 2037 493 2082 manos
542 2038 686 2082 esse
752 2039 793 2083 a
839 2018 1005 2084 Sede
1055 2019 1437 2102 Apostolica
1482 2019 1659 2084 intra
1702 2018 1944 2087 limites
1992 2016 2251 2083 debitae
2313 2015 2463 2082 huic
2506 2015 2920 2082 reverentiae

274 2114 670 2197 permissam,
718 2118 787 2180 et
832 2116 1236 2181 solummodo
1282 2116 1716 2183 mutationem
1762 2120 1879 2182 aut
1914 2113 2352 2180 inversionem
2397 2116 2625 2179 textus
2672 2114 2831 2196 ejuS,
2881 2134 2922 2179 a

276 2211 457 2279 dictis
503 2212 993 2279 Correctoribus
1041 2214 1430 2293 concinnati,
1480 2236 1521 2280 a
1569 2214 1738 2280 Sede
1782 2213 2165 2298 Apostolica
2210 2211 2559 2296 prohiberi.
2634 2211 2817 2289 Quod
2863 2212 2920 2277 is

275 2402 485 2457 cretalis
524 2403 1078 2468 Pseudo-Isidoriana,
1117 2422 1146 2457 e
1183 2402 1219 2457 l.
1247 2404 1298 2458 3.
1340 2403 1466 2458 Ood.
1505 2402 1705 2457 Theod.
1747 2404 1812 2458 de
1849 2404 1907 2458 vi
1943 2404 2160 2474 publica
2198 2407 2254 2457 et
2290 2402 2522 2473 privata.
2549 2401 2643 2455 IX.
2674 2403 2755 2456 10.
2802 2401 2922 2469 (cfr.

274 2480 407 2536 infra
457 2484 687 2554 append.
740 2501 856 2554 cap.
896 2484 936 2537 Ι.
990 2487 1092 2537 art.
1132 2481 1206 2551 2.)
1265 2486 1321 2537 et
1356 2486 1603 2538 Breviar.
1645 2486 1855 2538 AlariC.
1906 2483 1998 2538 lib.
2038 2484 2131 2539 IX.
2169 2483 2255 2538 tit.
2297 2483 2345 2536 7.
2397 2499 2513 2551 cap.
2554 2480 2602 2534 2.
2646 2480 2785 2547 (Lex
2820 2481 2923 2536 Ro·

276 2579 429 2617 mana
465 2563 740 2631 Visigoth.
761 2606 773 2628 ,
813 2564 895 2618 ed.
942 2567 1091 2618 Gust.
1131 2566 1355 2633 Haenel,
1396 2564 1570 2618 Berol.
1615 2565 1997 2629 1847—1849,
2035 2583 2085 2634 p.
2128 2563 2270 2631 182.)
2313 2561 2626 2631 composita,
2663 2561 2720 2614 in
2758 2579 2924 2630 quan-

272 2644 381 2697 tum
432 2643 540 2699 huc
591 2645 851 2715 pertinet,
902 2645 1138 2700 refertur
1193 2645 1336 2716 apud
1374 2647 1699 2699 Hinschium
1713 2687 1729 2715 ,
1785 2644 2101 2700 Decretales
2138 2641 2724 2699 Pseudo-Isidorianae.
2776 2643 2922 2714 Lipa

276 2723 298 2776 1
501 2767 512 2779 .
664 2767 675 2778 .

306 2723 422 2790 863,
447 2743 496 2847 ¹p
508 2726 870 2883 offischulte,
889 2815 990 2868 Die
1004 2814 1178 2869 Lehre
1198 2833 1305 2869 von
1325 2816 1429 2870 den
1449 2815 1676 2881 Quellen
1697 2816 1792 2869 des
1810 2816 2016 2869 kathol.
2033 2814 2472 2877 KirchenrechtS,
2492 2831 2580 2883 pp.
2593 2813 2713 2869 330.
2733 2818 2788 2868 et
2804 2815 2922 2868 332.

446 2904 468 2937 ²
502 2902 586 2956 De
624 2919 732 2971 qua
782 2903 909 2957 vide
946 2906 1199 2972 Banyen,
1250 2903 1351 2958 Die
1396 2904 1665 2958 remische
1719 2904 1895 2958 Curie.
1969 2903 2288 2958 Monasterii
2329 2903 2496 2967 1854,
2552 2920 2604 2972 p.
2643 2902 2765 2956 292.
2806 2920 2925 2972 sqq.

272 2979 479 3035 Decisio
515 2981 614 3036 illa
649 2983 886 3036 refertur
921 2983 977 3036 in
1015 2983 1331 3037 collectione
1370 2984 1702 3038 decisionum
1740 2984 1917 3039 dictae
1954 2984 2127 3038 Rotae
2164 2984 2441 3038 Romanae
2458 3024 2471 3046 ,
2519 2983 2587 3035 ab
2625 2982 2788 3053 hujus
2824 2983 2926 3037 De-

271 3077 399 3114 cano
438 3064 739 3116 Franci-sco
779 3065 958 3131 Peyna
1004 3063 1057 3131 (†
1098 3063 1258 3131 1612)
1302 3067 1494 3118 curata
1530 3068 1586 3118 et
1623 3064 1875 3132 Lugduni
1916 3065 2052 3119 1648
2091 3064 2252 3129 edita,
2291 3063 2391 3117 sub
2428 3081 2480 3116 n.
2518 3062 2641 3117 480.

445 3153 465 3187 ³
502 3151 846 3206 Verbotenus
902 3170 965 3206 ea
1017 3153 1082 3206 de
1132 3171 1191 3207 re
1241 3152 1444 3207 citatus
1482 3156 1827 3221 Reiffenstuel
1881 3153 1940 3222 (J
1943 3171 2008 3208 us
2059 3171 2176 3208 can.
2227 3152 2377 3206 univ.
2416 3152 2660 3206 Prooem.
2699 3171 2750 3205 n.
2795 3153 2925 3220 72.),

271 3230 565 3301 respiciens
602 3232 670 3286 ad
709 3250 801 3286 eos
816 3275 829 3296 ‚
882 3232 976 3302 qui
1011 3233 1304 3287 Decretum
1343 3233 1592 3288 Gratiani
1628 3252 1726 3304 pro
1777 3234 2093 3288 collectione
2140 3233 2280 3304 juris
2317 3231 2675 3286 ecclesiastici
2711 3233 2929 3302 publica

271 3326 365 3364 seu
402 3311 723 3366 authentica
759 3330 792 3366 a
817 3312 956 3367 Sede
981 3313 1298 3383 Apostolica
1335 3314 1694 3384 approbatum
1730 3314 1901 3367 fuisse
1939 3317 2207 3378 asserunt,
2247 3312 2340 3376 ait,
2378 3315 2441 3366 ut
2477 3312 2751 3380 sequitur:
2798 3312 2927 3378 „Re-

272 3392 524 3459 sponde0,
562 3392 859 3462 optandum
896 3393 1027 3458 fore,
1066 3397 1128 3447 ut
1165 3394 1370 3464 pariter
1408 3394 1724 3448 attulissent
1764 3394 2043 3464 exemplar
2069 3393 2246 3447 dictae
2284 3392 2702 3462 approbationis,
2742 3396 2928 3461 quate-

272 3487 373 3523 nus
409 3472 514 3525 hac
551 3472 761 3526 ratione
807 3477 1056 3528 constare
1108 3478 1293 3544 posset
1309 3516 1321 3538 ,
1378 3491 1448 3527 an
1498 3474 1634 3528 illud
1672 3475 2029 3544 approbatum
2066 3473 2264 3527 fuisset
2301 3472 2477 3541 quoad
2515 3472 2693 3526 omnia
2730 3476 2785 3526 et
2822 3473 2929 3526 sin-

271 3550 399 3617 gula
435 3556 699 3620 tanquam
750 3552 864 3607 vim
899 3554 1040 3621 legis
1077 3553 1335 3608 habentia
1351 3597 1364 3618 ,
1416 3555 1513 3608 vel‘
1544 3554 1721 3609 solum
1768 3555 1945 3623 quoad
1982 3554 2183 3623 aliqua.
2257 3552 2482 3606 Interim
2498 3595 2510 3616 ,
2562 3552 2690 3620 quia
2728 3554 2793 3606 de
2829 3553 2930 3606 tali

272 3632 657 3701 approbatione
678 3675 690 3697 ,
747 3650 817 3687 an
838 3676 850 3698 ,
903 3651 1009 3702 quo
1060 3652 1236 3688 annno
1287 3652 1352 3688 ac
1391 3634 1476 3688 die
1514 3638 1570 3688 et
1607 3636 1871 3703 quomodo
1908 3634 2074 3689 fuerit
2111 3634 2259 3688 facta
2276 3675 2288 3697 ,
2341 3632 2476 3686 certi
2512 3632 2649 3686 nihil
2684 3633 2929 3687 invenire

272 3709 448 3776 licuit,
503 3715 560 3766 et
596 3713 814 3781 quidem
864 3731 1039 3783 neque
1076 3714 1134 3767 in
1170 3714 1410 3768 Bullario
1448 3714 1690 3769 Romano
1708 3758 1720 3779 ,
1777 3732 1952 3783 neque
1990 3715 2046 3768 in
2082 3713 2207 3768 aliis
2243 3712 2421 3768 Libris
2459 3713 2524 3767 de
2561 3712 2665 3767 hac
2702 3715 2931 3768 materia

270 3792 651 3856 tractantibus,
691 3835 703 3847 .
746 3836 757 3846 .
799 3836 810 3847 .
849 3795 1025 3848 nudae
1062 3794 1256 3849 horum
1292 3795 1586 3849 Doctorum
1637 3795 1924 3850 assertioni
1961 3795 2017 3848 in
2055 3794 2384 3849 contrarium
2421 3794 2706 3864 opponitur
2743 3799 2799 3848 et
2835 3814 2931 3865 pro

272 3872 463 3942 majori
502 3873 662 3926 datae
699 3877 917 3927 nostrae
953 3875 1318 3945 responsionis
1355 3876 1791 3945 comprobatione
1844 3877 2068 3930 affertur
2103 3874 2318 3929 Decisio
2355 3875 2528 3928 Rotae
2545 3916 2557 3938 ,
2614 3876 2757 3944 apud
2794 3876 2930 3929 Pen-

272 3969 413 4017 nam,
453 3952 632 4007 Decis.
669 3955 793 4009 480.
811 3997 823 4018 ,
861 3954 953 4009 ubi
989 3955 1133 4009 inter
1169 3955 1279 4009 alia
1315 3955 1396 4010 sic
1432 3955 1693 4011 habetur:
1752 3956 1865 4010 Nec
1901 3957 2086 4021 refert,
2123 3955 2248 4010 illos
2286 3954 2532 4009 Canones
2567 3957 2839 4009 recenseri
2876 3957 2930 4010 in

275 4031 506 4087 Decreto
543 4051 577 4088 a
615 4033 876 4089 Gratiano
913 4034 1202 4106 compilato
1214 4056 1226 4101 ;
1280 4036 1424 4104 quia,
1462 4054 1585 4090 cum
1625 4036 1921 4091 Gratianus
1957 4054 2064 4090 non
2101 4035 2317 4106 publica
2353 4035 2685 4090 authoritate
2720 4036 2930 4091 infinita

272 4130 521 4182 quaeque
572 4114 667 4168 illa
707 4114 982 4169 Canonum
1034 4115 1529 4171 ecclesiasticorum
1546 4158 1559 4181 ‚
1616 4120 1672 4170 et
1709 4117 1916 4184 Legum
1967 4116 2132 4170 etiam
2184 4115 2545 4170 saecularium
2585 4115 2836 4186 Capitula
2873 4118 2929 4170 in

272 4209 431 4246 suum
469 4193 692 4248 Librum
729 4194 1018 4249 contulerit
1032 4237 1045 4261 ,
1091 4214 1192 4250 nec
1228 4196 1368 4264 legis
1405 4198 1716 4251 condendae
1753 4196 2142 4251 authoritatem
2179 4196 2457 4260 habuerit,
2508 4212 2607 4249 nec
2644 4196 2712 4249 ab
2750 4197 2930 4265 aliquo

272 4272 518 4327 Romano
544 4274 805 4329 Pontifice
830 4275 992 4330 Liber
1028 4276 1121 4330 ille
1153 4276 1313 4345 (NB.)
1355 4280 1618 4345 tanquam
1655 4276 2007 4332 authenticus
2044 4281 2102 4331 et
2137 4276 2333 4345 legalis
2371 4276 2700 4346 approbatus
2737 4277 2930 4331 fuerit:

272 4352 397 4407 inde
435 4353 530 4419 fit,
581 4355 724 4424 quod
761 4355 990 4424 quilibet
1028 4357 1236 4421 Canon,
1286 4356 1419 4410 inibi
1455 4358 1664 4412 relatus
1681 4399 1694 4422 ‚
1739 4376 1809 4411 ex
1847 4376 1907 4412 eo
1944 4361 2176 4423 tantum,
2214 4357 2357 4426 quod
2392 4356 2469 4410 ibi
2504 4356 2788 4420 referatur,
2826 4375 2934 4411 non

272 4431 479 4487 habeat
512 4434 772 4505 majorem
809 4435 1196 4491 authoritatem
1210 4479 1225 4502 ,
1282 4454 1445 4506 quam
1482 4436 1541 4490 in
1577 4436 1793 4507 proprio
1830 4437 1947 4492 loco
1984 4437 2288 4491 consistens
2328 4437 2393 4490 de
2430 4435 2517 4490 sui
2553 4438 2749 4489 natura
2787 4441 2934 4491 esset

272 4512 579 4568 habituruS.
653 4515 768 4569 Nec
806 4515 1103 4584 Gregorius
1139 4517 1285 4571 XIII.
1335 4516 1584 4572 Gratiani
1620 4516 1843 4571 Librum
1897 4521 2160 4586 tanquam
2209 4516 2467 4584 Legalem
2518 4516 2932 4580 authentizavit,

273 4610 399 4647 cum
438 4595 614 4648 solum
652 4596 928 4651 emendari
957 4596 1188 4668 jusserit
1203 4638 1217 4662 ,
1273 4600 1330 4652 et
1367 4596 1772 4651 emendationes
1808 4597 1925 4651 sine
1962 4597 2326 4652 additionibus
2376 4600 2472 4651 aut
2510 4597 2933 4653 detractionibus

270 4675 622 4730 mandaverit
657 4677 953 4732 observari.
1027 4678 1308 4732 Hactenus
1345 4677 1515 4732 citata
1552 4677 1767 4732 Decisio
1805 4679 2026 4733 Rotae.“

459 4764 484 4799 ⁴
518 4764 633 4820 Lib.
670 4766 765 4826 IV.
804 4770 943 4836 part.
983 4767 1032 4821 2.
1073 4785 1190 4837 cap.
1233 4767 1316 4821 17.
1355 4786 1408 4821 n.
1451 4768 1532 4823 10.
1578 4767 1739 4838 (Opp.
1780 4768 1861 4821 ed.
1900 4768 2094 4822 Venet.
2138 4769 2292 4832 1767,
2330 4770 2458 4821 tom.
2497 4767 2590 4820 IV.
2630 4786 2680 4838 p.
2722 4768 2867 4832 365.)
