3355 5328
395 332 465 388 96
1192 334 1330 388 Pars
1367 334 1433 388 Π.
1489 333 1848 389 Collectiones
1886 334 2252 388 decretalium.

396 514 458 559 11.
499 493 630 575 15.)
660 492 935 559 inventa
973 496 1095 571 est,
1144 493 1448 561 nimirum
1495 516 1536 559 a
1580 494 1954 578 professore
1995 494 2162 578 Juris
2197 494 2264 559 in
2296 493 2748 560 Universitate
2781 494 3057 559 Halensi

396 592 579 656 Justo
626 592 931 676 Henntnq
981 592 1268 658 Bo'hmer.

572 688 814 765 Divisa,
849 692 970 767 est,
1019 689 1270 773 pariter
1317 712 1395 756 ac
1439 689 1799 774 Lipsiensis
1816 740 1830 768 ‚
1880 690 1948 755 in
1994 692 2077 756 65
2127 690 2375 767 titulos
2424 689 2862 773 peculiaribus
2911 690 3057 754 rub·

396 790 549 852 ricis
574 787 594 826 ¹
641 786 1009 868 insignitos
1059 788 1168 870 qui
1215 788 1532 855 subdivisi
1580 792 1734 855 sunt
1779 788 1846 853 in
1893 787 2133 873 capita,
2182 787 2537 857 universim
2582 789 2732 853 479.

580 964 592 995 ¹
632 962 765 1016 Illae
802 962 1052 1016 rubricae
1089 965 1217 1016 sunt
1266 962 1436 1015 tales:
1493 963 1538 1015 1.
1577 962 1659 1016 De
1698 962 1959 1016 electione
2011 962 2217 1015 Summi
2267 961 2562 1015 Pontificis.
2638 961 2686 1014 2.
2727 960 2809 1014 Ne
2864 959 3062 1013 Judaei

400 1041 736 1095 Christianos
788 1042 1025 1096 habeant
1068 1041 1389 1096 servientes
1465 1041 1513 1094 3.
1554 1041 1635 1095 Ne
1671 1042 1799 1096 laici
1851 1042 2057 1111 aliquid
2108 1060 2141 1096 a
2178 1041 2390 1096 clericis
2441 1041 2631 1095 invitis
2682 1043 3063 1108 extorqueant.

395 1120 446 1174 4.
486 1121 567 1174 Ne
617 1121 820 1175 milites
870 1124 1247 1175 torneamenta
1299 1124 1605 1175 exerceant.
1682 1124 1732 1175 5.
1785 1122 1867 1176 Ne
1917 1126 2145 1189 treugae
2191 1121 2574 1189 infringantur.
2649 1121 2697 1174 6.
2750 1120 2832 1174 Ne
2878 1118 3065 1173 clerici

396 1202 536 1254 bona
573 1220 670 1271 per
695 1201 982 1256 ecclesiam
1019 1201 1290 1270 acquisita
1315 1201 1372 1255 in
1397 1201 1534 1256 alios
1558 1202 1910 1266 transferant,
1950 1203 2045 1256 sed
2070 1220 2237 1271 penes
2264 1202 2491 1256 eandem
2516 1203 2849 1255 remaneant.
2909 1201 2958 1253 7.
2987 1200 3066 1253 Ut

397 1281 581 1334 clerici
630 1281 687 1334 in
739 1282 919 1336 causis
957 1281 1328 1335 saecularibus
1379 1281 1633 1336 advocati
1670 1299 1778 1335 non
1814 1282 1963 1336 fiant.
2039 1282 2087 1336 8.
2141 1281 2224 1336 Ν6
2275 1281 2398 1351 quis
2436 1279 2934 1336 excommunicetur
2973 1279 3065 1332 vel

396 1361 775 1429 suspendatur,
814 1361 921 1413 nisi
945 1361 1327 1415 ammonitione
1352 1361 1670 1431 praemissa,
1709 1379 1809 1416 nec
1835 1379 1867 1415 a
1894 1361 2137 1431 praelato
2163 1379 2260 1415 suo
2285 1359 2530 1427 religiosi
2555 1360 2846 1430 appellent.
2905 1360 2954 1413 9.
2984 1359 3066 1411 De

398 1439 677 1505 usurariiS,
715 1459 783 1494 ne
809 1441 932 1509 quis
958 1459 1142 1495 eorum
1168 1441 1351 1496 oblata
1378 1441 1626 1510 accipiat,
1666 1460 1767 1495 nec
1793 1440 2145 1495 christianam
2172 1441 2511 1511 sepulturam
2534 1440 2789 1494 habeant.
2846 1439 2928 1494 10.
2957 1439 3066 1492 Pro

397 1519 663 1586 regimine
701 1520 1009 1574 scholarum
1060 1521 1196 1575 nihil
1234 1539 1266 1575 a
1312 1521 1593 1588 magistris
1632 1521 1888 1589 exigatur
1908 1564 1921 1586 ,
1973 1522 2070 1575 sed
2121 1522 2188 1574 ab
2228 1521 2496 1591 episcopis
2533 1520 2766 1589 aliisque
2802 1518 3068 1590 praelatis

399 1599 716 1653 beneficium
756 1599 861 1654 sibi
897 1604 1208 1670 competens
1254 1601 1619 1671 provideatur.
1699 1602 1780 1655 11.
1828 1601 1910 1656 Ν6
1965 1601 2150 1655 clerici
2185 1601 2241 1654 in
2280 1600 2525 1655 domibus
2554 1601 2678 1659 ‚suis
2713 1597 3069 1653 mulierculas

399 1683 637 1733 teneant.
718 1680 799 1733 12.
840 1681 918 1734 Ut
952 1681 1202 1735 monachi
1238 1681 1511 1751 peculium
1546 1700 1653 1735 non
1691 1681 1944 1736 habeant.
1999 1681 2080 1735 13.
2119 1682 2201 1735 De
2238 1681 2482 1746 simonia,
2522 1684 2578 1735 et
2613 1698 2683 1733 ne
2719 1696 2931 1734 merces
2971 1696 3067 1748 pro

401 1759 665 1813 ecclesiae
702 1760 1105 1815 consecratione
1130 1761 1495 1831 promittatur,
1533 1762 1624 1815 vel
1660 1780 1758 1832 pro
1795 1761 2222 1826 monachatione‚
2259 1761 2350 1815 vel
2388 1779 2483 1831 pro
2511 1759 2871 1814 sacramentis
2897 1759 3067 1813 eccle-

399 1839 530 1893 siae.
609 1840 689 1892 14.
743 1840 824 1894 Ne
862 1840 1093 1910 praelati
1130 1840 1281 1895 vices
1332 1858 1462 1895 suas
1500 1842 1599 1895 sub
1639 1859 1816 1895 annuo
1862 1841 2036 1912 pretio
2074 1841 2198 1895 aliis
2237 1840 2609 1905 committant,
2668 1843 2724 1894 et
2761 1840 2830 1893 ad
2870 1856 3070 1892 causas

399 1919 769 1974 terminandas
823 1920 914 1973 vel
965 1921 1065 1974 sub
1105 1938 1280 1975 annuo
1332 1921 1505 1991 pretio
1558 1921 1864 1992 presbyteri
1916 1922 1985 1976 ad
2035 1921 2388 1975 ecclesiarum
2439 1920 2684 1987 regimen
2734 1922 3069 1978 statuantur,

401 2000 534 2053 licet
570 2000 802 2054 ecclesia
840 2018 1017 2055 annuo
1056 2019 1222 2055 censu
1261 2002 1377 2056 dari
1415 2002 1602 2072 possit.
1660 2004 1742 2056 15.
1782 2001 1864 2055 Ne
1903 2002 2110 2070 aliquid
2147 2002 2403 2069 exigatur
2440 2019 2536 2071 pro
2573 2000 2797 2054 licentia
2824 1999 3068 2053 docendi.

406 2080 487 2133 16.
527 2080 609 2133 Ne
648 2080 832 2136 clerici
865 2080 1075 2135 illicitis
1100 2082 1483 2136 vexationibus
1508 2086 1797 2150 vexentur,
1837 2085 1893 2135 et
1927 2100 1996 2135 116
2034 2082 2218 2135 clerici
2253 2082 2344 2135 vel
2382 2081 2508 2135 laici
2531 2079 2717 2150 “poena
2756 2077 3073 2149 pecuniaria

400 2160 746 2214 mulctentur.
804 2161 885 2214 17.
923 2160 1005 2215 De
1043 2161 1382 2230 pactionibus
1418 2162 1588 2216 licitis
1627 2166 1684 2216 et
1719 2161 1926 2215 illicitis
1964 2162 2022 2215 in
2056 2163 2220 2216 rebus
2247 2161 2525 2215 ecclesiae.
2599 2161 2680 2215 18.
2719 2159 2848 2213 Sine
2888 2162 3070 2212 aucto-

400 2240 565 2293 ritate
603 2240 841 2310 episcopi
877 2259 984 2295 non
1019 2259 1180 2310 posse
1218 2241 1547 2296 constituere
1573 2242 1860 2296 ecclesiam
1897 2259 2052 2295 suam
2091 2242 2416 2305 censualem,
2454 2241 2545 2294 vel
2582 2240 2748 2294 aliam
2786 2256 3071 2308 occupare,

402 2321 492 2374 vel
529 2320 586 2373 in
624 2320 790 2373 alium
827 2321 1125 2376 transferre
1172 2322 1242 2375 ad
1280 2322 1590 2376 evitandam
1643 2322 2085 2376 controversiam.
2165 2323 2246 2376 19.
2286 2322 2368 2374 De
2404 2321 2514 2374 illis
2532 2363 2544 2384 ,
2598 2320 2691 2388 qui
2728 2319 2980 2373 incidunt
3013 2318 3072 2370 in

404 2418 664 2455 canonem
704 2401 864 2454 datae
903 2401 1208 2455 sententiae
1224 2444 1236 2466 ,
1275 2401 1366 2455 vel
1403 2401 1640 2456 incidere
1677 2402 1948 2466 videntur,
1989 2420 2110 2455 cum
2147 2420 2253 2455 11611
2291 2401 2549 2464 incidant,
2586 2399 2678 2454 vel
2718 2399 2812 2468 qui
2850 2399 2965 2452 sint
3002 2399 3070 2451 ad

404 2480 599 2535 Sedem
623 2480 981 2549 apostolicam
1013 2482 1422 2535 transmittendi
1446 2485 1665 2552 propter
1703 2483 2110 2537 absolutionem.
2162 2483 2248 2536 20.
2275 2481 2605 2551 Raptoribus
2632 2484 2689 2534 et
2711 2479 3075 2534 violatoribus

404 2560 758 2615 ecclesiarum
796 2561 1117 2629 quandoque
1156 2562 1321 2615 etiam
1359 2565 1484 2632 post
1519 2562 1906 2632 poenitentiam
1942 2564 2249 2630 negandam
2275 2562 2629 2631 sepulturam,
2667 2560 2774 2613 nisi
2801 2560 3075 2613 satisdent

406 2641 470 2696 de
495 2642 704 2695 ‘damno
742 2641 1040 2697 sarciendo.
1094 2643 1180 2696 21.
1219 2643 1300 2697 De
1339 2642 1671 2713 depositione
1707 2643 2025 2698 clericorum
2064 2646 2119 2697 et
2158 2643 2222 2697 de
2250 2641 2612 2713 dispensando
2651 2639 2798 2695 circa
2836 2639 3072 2694 eosdem.

405 2722 490 2775 22.
529 2721 611 2775 De
662 2722 978 2777 excessibus
1025 2722 1399 2793 episcoporum
1451 2726 1639 2777 contra
1691 2741 1818 2777 suos
1875 2724 2325 2793 archiepiscopos.
2401 2722 2487 2776 23.
2527 2722 2607 2775 De
2646 2720 2969 2775 excessibus
3021 2723 3078 2773 et

406 2801 713 2871 privilegiis
749 2801 1114 2871 hospitalium.
1191 2803 1276 2857 24.
1317 2804 1398 2858 Ne
1438 2804 1668 2858 clericus
1720 2804 1811 2857 vel
1864 2804 2161 2858 monachus
2209 2802 2581 2857 saecularibus
2633 2819 2693 2855 se
2747 2800 3075 2863 immisceat,

404 2899 545 2935 neve
581 2881 879 2935 monachus
916 2882 1032 2936 sine
1081 2882 1304 2937 licentia
1341 2883 1556 2937 abbatis
1607 2887 2004 2953 promoveatur.
2080 2883 2165 2937 25.
2205 2883 2285 2936 De
2337 2881 2522 2936 ordine
2575 2884 2631 2935 et
2682 2879 3078 2950 spiritualitate

409 2962 746 3030 quorundam
782 2961 1131 3028 regularium.
1196 2963 1281 3017 26.
1320 2964 1401 3018 De
1438 2963 1717 3017 monachis
1754 2964 1872 3017 sine
1910 2963 2224 3033 probatione
2262 2962 2532 3031 susceptis
2571 2965 2627 3015 et
2663 2961 2720 3014 in
2757 2959 3079 3030 probatione

405 3042 659 3095 recedere
696 3041 1021 3096 volentibus.
1097 3043 1183 3096 27.
1223 3043 1303 3097 De
1340 3043 1502 3097 rebus
1541 3043 1803 3097 ecclesiae
1842 3043 2143 3097 alienandis
2194 3043 2284 3096 vel
2328 3059 2434 3096 non
2472 3040 2791 3095 alienandis.
2869 3040 2956 3094 28.
2995 3039 3080 3092 De

403 3121 729 3192 juramentis
779 3123 1079 3176 servandis.
1155 3123 1240 3176 29.
1282 3123 1488 3188 Quibus
1534 3124 1869 3194 temporibus
1920 3123 2103 3177 clerici
2141 3123 2373 3177 debeant
2410 3121 2662 3175 ordinari.
2740 3120 2827 3176 30.
2870 3119 3081 3185 Quibus

409 3204 466 3255 et
503 3202 717 3270 quando
756 3204 813 3255 et
848 3201 991 3255 intra
1042 3220 1207 3271 quam
1259 3206 1496 3257 aetatem
1535 3202 1799 3257 ecclesiae
1837 3202 2255 3257 committendae
2292 3201 2403 3255 sint
2418 3244 2430 3266 ,
2488 3204 2545 3255 et
2580 3202 2649 3254 ad
2688 3217 2852 3269 quem
2891 3215 3083 3253 earum

409 3284 621 3351 spectet
655 3281 945 3352 reparatio.
1022 3282 1107 3336 31.
1147 3283 1449 3353 Uni-plura
1487 3282 1860 3337 ecclesiastica
1899 3282 2157 3336 beneficia
2193 3301 2300 3335 non
2338 3285 2468 3335 sunt
2504 3280 2924 3343 committenda,
2978 3296 3082 3333 nec

407 3378 576 3415 unum
611 3362 754 3415 inter
792 3362 975 3431 plures
1013 3361 1377 3416 dividendum.
1431 3362 1515 3417 32.
1555 3362 1866 3417 Portionem
1904 3363 2183 3427 ecclesiae,
2222 3361 2549 3415 auctoritate
2588 3360 2828 3430 episcopi
2869 3359 3078 3413 vicario

410 3430 763 3508 assignatam,
802 3459 909 3495 non
934 3458 1055 3496 esse
1095 3442 1163 3496 ab
1199 3460 1261 3495 eo
1288 3442 1653 3496 auferendam.
1707 3444 1791 3497 33.
1830 3442 1911 3496 De
1936 3441 2273 3496 ordinatione
2298 3441 2531 3495 filiorum
2557 3440 2905 3494 sacerdotum
2931 3442 2991 3493 et
3015 3438 3083 3492 de

411 3521 616 3575 eisdem
652 3521 708 3574 in
747 3521 993 3575 ecclesiis
1031 3522 1273 3591 paternis
1316 3522 1444 3589 (non
1482 3521 1779 3575 tolerandis
1789 3522 1864 3589 ‘?).
1917 3522 2000 3576 34.
2041 3522 2121 3575 De
2161 3520 2383 3575 decimis
2419 3518 2612 3573 dandis
2636 3536 2743 3573 non
2781 3517 3085 3572 tolerandis

415 3599 692 3668 (tollendis
707 3598 783 3667 ‘?).
836 3600 920 3654 35.
959 3601 1040 3655 De
1079 3600 1302 3655 decimis
1341 3618 1372 3655 a
1409 3601 1689 3655 monachis
1727 3601 2070 3671 praestandis
2106 3601 2198 3654 vel
2235 3618 2341 3654 non
2378 3599 2724 3670 praestandis
2764 3602 2822 3652 et
2861 3600 2927 3653 de
2953 3616 3082 3668 pen·

411 3678 655 3750 sionibus
706 3679 1059 3734 ecclesiarum
1110 3680 1213 3734 sibi
1265 3680 1463 3735 debitis
1501 3684 1557 3734 et
1591 3698 1700 3733 non
1749 3681 1975 3749 agendis
2017 3680 2303 3748 (augendis
2324 3678 2398 3747 ‘?).
2475 3679 2560 3734 36.
2611 3679 2695 3732 De
2732 3677 3085 3749 parochianis

413 3757 741 3827 sepeliendis
791 3759 880 3812 vel
926 3776 1033 3813 non
1084 3760 1426 3830 sepeliendis.
1501 3759 1586 3813 37.
1625 3761 1706 3814 De
1743 3761 2062 3831 presbytero
2079 3803 2092 3826 ,
2132 3760 2226 3829 qui
2263 3760 2380 3814 sine
2416 3760 2563 3813 unda
2599 3758 2955 3829 baptismatis
2995 3759 3082 3812 de-

413 3837 597 3891 cessit.
672 3838 757 3892 38.
796 3837 877 3891 De
927 3856 1070 3893 vana
1123 3841 1358 3907 quadam
1408 3839 1760 3893 festivatione
1809 3840 2065 3894 tollenda.
2140 3840 2224 3894 39.
2275 3839 2474 3893 Contra
2513 3839 2858 3907 quorundam
2895 3838 3081 3891 haere·

415 3917 536 3971 sim.
610 3918 696 3972 40.
734 3917 817 3970 De
868 3918 1129 3973 electione
1180 3923 1236 3973 et
1273 3919 1434 3973 electi
1485 3922 1756 3989 potestate
1808 3923 1865 3974 et
1915 3919 2153 3989 episcopi
2202 3918 2605 3973 renuntiatione
2644 3921 2701 3972 et
2736 3921 3084 3973 sacramento

414 3997 485 4051 ab
524 3996 696 4050 electo
733 3999 1074 4065 praestando,
1124 3999 1211 4052 41.
1249 3999 1329 4053 De
1368 3998 1544 4053 officio
1583 4002 1639 4052 et
1675 4002 1946 4068 potestate
1984 3999 2215 4070 praelati
2241 4002 2297 4053 et
2328 3998 2530 4069 judicis
2556 3997 2836 4052 ordinarii.
2888 3998 2976 4051 42.
3003 3997 3084 4050 De

413 4078 689 4148 potestate
740 4079 797 4129 et
833 4077 1009 4130 officio
1055 4077 1300 4146 judicum
1338 4078 1726 4146 delegatorum.
1801 4080 1887 4133 43.
1925 4079 2007 4132 De
2045 4078 2351 4147 cognitione
2402 4081 2718 4132 mutuarum
2757 4077 3085 4148 petitionum

414 4156 518 4212 sub
570 4156 756 4209 eodem
795 4155 993 4225 judice.
1068 4157 1154 4210 44.
1207 4158 1287 4211 De
1332 4158 1564 4228 jurando
1616 4161 1836 4228 propter
1886 4157 2212 4212 calumniam
2269 4162 2324 4211 et
2369 4158 2681 4228 juramento
2722 4157 3084 4227 purgationis.

414 4237 504 4291 45.
544 4236 625 4289 De
673 4234 1018 4289 restitutione
1069 4236 1423 4305 spoliatorum
1474 4240 1531 4290 et
1577 4238 1884 4292 novatione.
1957 4237 2044 4291 46.
2082 4237 2164 4291 De
2202 4238 2322 4292 dolo
2376 4241 2431 4291 et
2468 4237 2816 4292 contumacia
2855 4236 3085 4292 alterius

416 4314 655 4388 partium
692 4314 977 4384 punienda.
1050 4315 1137 4368 47.
1175 4315 1407 4370 Missum
1443 4316 1499 4369 in
1535 4317 1878 4386 possessione
1919 4317 2339 4387 (possessionem
2353 4318 2408 4386 ‘?)
2452 4334 2620 4371 causa
2657 4317 2969 4371 servandae
3004 4315 3086 4369 rei

417 4399 545 4467 post
581 4412 782 4448 annum
818 4394 1111 4464 possidere.
1185 4395 1271 4449 48.
1310 4395 1391 4450 De
1428 4396 1661 4450 testibus
1718 4400 1774 4451 et
1824 4396 2269 4452 attestationibus
2319 4400 2375 4451 et
2409 4396 2645 4467 publicis
2681 4396 3086 4452 instrumentis

417 4478 506 4531 49.
546 4475 626 4528 De
661 4474 899 4528 testibus
936 4473 1193 4541 cogendis
1230 4475 1320 4528 vel
1357 4492 1465 4528 non
1502 4476 1773 4542 cogendis.
1837 4477 1922 4531 50.
1961 4477 2043 4530 De
2079 4475 2521 4547 praescriptione.
2597 4477 2685 4531 51.
2725 4477 2810 4531 De
2847 4475 3088 4547 appella—

418 4555 677 4610 tionibus.
727 4554 812 4607 52.
851 4553 931 4607 De
970 4552 1376 4607 confirmatione
1413 4553 1536 4607 utili
1573 4558 1629 4608 et
1664 4554 1861 4620 inutili,
1900 4559 1957 4609 et
1979 4555 2305 4626 rescriptum
2340 4559 2675 4626 suspectum,
2715 4560 2774 4611 et
2797 4555 3091 4626 rescripto·

419 4651 543 4689 rum
578 4633 1026 4703 interpretatione
1063 4635 1119 4685 et
1156 4632 1490 4702 exceptionis
1534 4632 1922 4702 (exsecutionis
1935 4635 1989 4702 ‘?)
2033 4634 2305 4690 dilatione.
2356 4637 2444 4691 53.
2482 4636 2563 4690 De
2597 4636 2723 4706 jure
2761 4638 3093 4707 patronatus

421 4718 481 4769 et
517 4712 763 4766 ecclesiis
796 4730 832 4766 a
867 4711 1024 4767 laicis
1062 4712 1350 4766 concessis.
1425 4713 1511 4766 54.
1548 4713 1630 4766 De
1669 4714 1704 4767 J
1705 4714 1909 4768 udaeis.
1984 4715 2070 4767 55.
2109 4714 2189 4768 De
2241 4715 2668 4785 praeeminentia
2706 4715 3097 4770 Lundonensis

422 4797 480 4849 et
529 4792 902 4846 Eboracensis.
978 4792 1063 4846 56.
1115 4791 1196 4845 De
1247 4792 1617 4847 controversia
1666 4792 1997 4848 Turonensis
2053 4795 2314 4850 ecclesiae
2369 4813 2494 4850 cum
2544 4795 2789 4850 Dolensi.
2868 4797 2956 4850 57.
3010 4795 3098 4860 De
