3355 5328
1199 322 1202 326 “
1290 321 1486 394 'Caput
1520 325 1665 378 VIII.
1719 325 1752 392 ξ
1791 325 1875 380 52.
2844 322 2913 380 85

442 486 916 552 Tantummodo
976 490 1166 563 tunc,
1236 507 1434 569 quum
1494 486 1589 550 illi
1644 485 1770 550 loci
1816 486 2083 551 Decreti
2130 487 2375 568 absque
2434 486 2565 550 ullo
2612 489 2916 570 respectu

278 585 351 649 ad
395 605 614 649 eorum
655 585 952 650 valorem
992 584 1363 667 J'uristicum
1411 583 1654 649 citandi
1684 587 1858 661 sunt,
1907 578 2291 667 simpliciter
2334 603 2454 677 per
2500 604 2815 649 canonem
2847 586 2916 649 et

277 680 739 747 distinctionem
785 682 895 746 vel
941 702 1207 747 causam
1254 685 1323 747 et
1371 678 1823 764 quaestionem
1871 681 2061 773 citari
2107 685 2451 765 possunt.
2409 682 2431 722 ¹

438 778 640 845 Porro
687 780 839 844 inde
885 779 1200 862 sequitur,
1885 826 1888 829 ι
2833 842 2840 843 ff

440 880 498 942 2.
547 896 740 960 posse
787 876 935 941 illos
981 877 1160 942 locos
1207 876 1436 942 stricte
1484 877 1687 942 etiam
1733 896 1818 948 ex
1865 897 2090 941 eorum
2137 875 2427 941 fontibus
2445 924 2460 953 ,
2509 874 2607 940 uti
2652 896 2713 940 v,
2763 896 2826 956 g.
2878 895 2914 939 e

273 973 546 1039 Bullario
587 974 904 1051 Romano,
955 974 1263 1056 Regestis
1297 970 1709 1039 Summorum
1755 974 2163 1052 Pontificum,
2213 971 2701 1039 collectionibus
2747 971 2913 1037 Con-

277 1071 576 1150 ciliorum,
627 1071 931 1155 operibus
966 1071 1076 1137 SS.
1110 1071 1385 1136 Patrum
1432 1093 1487 1138 e.
1538 1093 1588 1137 3.
1638 1093 1724 1155 p.,
1775 1072 1983 1150 citari,
2033 1076 2214 1137 recte
2260 1071 2426 1147 ideo,
2475 1069 2628 1152 quia
2671 1070 2914 1134 Decre-

272 1173 400 1234 tum
440 1168 739 1235 (111-01310111
785 1166 1066 1237 nonest
1111 1169 1236 1234 nisi
1283 1189 1446 1253 opus
1492 1169 1843 1253 privatum,
1894 1190 2021 1251 quo
2068 1190 2235 1251 quae
2282 1168 2717 1244 continentur,
2739 1171 2743 1177 '
2765 1170 2914 1232 tan-

270 1270 398 1331 tum
444 1268 690 1343 valent,
742 1270 1057 1348 quantum
1106 1287 1143 1330 e
1188 1268 1306 1332 suo
1353 1261 1538 1332 fonte
1583 1266 1829 1333 valent.
1861 1316 1868 1321 -
1924 1267 2263 1345 Attamen,
2303 1265 2617 1347 quoniam
2666 1264 2915 1330 Summi

269 1363 606 1430 Pontifices
652 1366 813 1430 Pius
859 1366 977 1430 IV.
996 1417 1015 1448 ,
1065 1366 1226 1429 Pius
1272 1366 1341 1429 V.
1393 1368 1462 1430 et
1509 1365 1856 1448 Greyorius
1902 1365 2097 1429 XIII.
2162 1363 2617 1430 emendatione
2664 1365 2733 1426 et
2779 1361 2914 1427 edi-

269 1462 435 1528 tione
465 1463 732 1529 Decreti
763 1461 1253 1529 Correctoribus
1284 1462 1599 1528 Romanis
1643 1462 2037 1529 demandata
2068 1463 2134 1528 id
2165 1462 2426 1527 efficere
2471 1460 2911 1538 intenderunt,

270 1564 336 1625 ut
379 1564 714 1626 correctus
760 1564 829 1627 et
874 1581 1076 1645 purus
1124 1559 1413 1644 ejusdem
1445 1560 1708 1626 Decreti
1757 1564 1984 1626 textus
2017 1560 2456 1638 exhiberetur,
2506 1563 2576 1625 et
2620 1557 2914 1623 nomina-

268 1657 378 1722 tim
423 1659 748 1740 genuinae
778 1658 1238 1742 inscriptiones
1269 1658 1740 1724 auctoritatum
1786 1658 1874 1723 ibi
1914 1659 2343 1724 adductarum
2373 1648 2912 1723 restituerentur:

268 1760 464 1837 patet,
518 1757 597 1835 ei,
646 1756 756 1838 qui
802 1778 920 1840 pro
962 1758 1109 1840 jure
1140 1752 1273 1821 'suo
1322 1756 1679 1822 evincendo
1726 1757 1903 1822 locos
1946 1756 2211 1822 Decreti
2258 1750 2611 1821 secundum
2657 1758 2915 1820 textum

267 1854 396 1936 ejus
442 1875 481 1920 e
530 1855 841 1920 mandato
890 1854 1309 1938 Apostolicae
1357 1854 1541 1919 Sedis
1589 1876 1629 1920 a
1674 1855 2164 1919 Oorrectoribus
2210 1854 2523 1919 Romanis
2571 1852 2912 1917 concinna-

267 1954 398 2016 tum
457 1956 530 2018 et
581 1953 768 2037 jussu
813 1953 1034 2036 Papae
1098 1952 1397 2034 Gregorii
1444 1948 1618 2019 XIII.
1679 1950 1929 2018 Romae
1990 1974 2048 2019 a.
2105 1954 2273 2018 1582
2340 1952 2586 2018 editum
2647 1951 2913 2032 allegat,

265 2053 527 2131 praesto
575 2071 719 2115 esse
765 2050 1318 2134 praesumtionem
1340 2101 1354 2129 ,
1422 2051 1635 2116 locum
1695 2051 1792 2117 ita
1837 2051 2196 2133 allegatum
2256 2072 2402 2116 esse
2448 2049 2801 2132 genuinum
2848 2051 2917 2113 et

264 2147 620 2230 integrum;
671 2169 837 2230 quae
868 2149 1267 2232 praesumtio
1314 2149 1408 2213 illi
1454 2149 1706 2215 tamdiu
1738 2153 2003 2232 praesto
2042 2153 2163 2227 est,
2214 2148 2417 2214 donec
2448 2170 2602 2231 pars
2635 2147 2917 2212 adversa

264 2245 446 2327 plene
496 2246 911 2330 probaverit,
978 2248 1192 2312 locum
1252 2247 1349 2312 ita
1395 2246 1757 2329 allegatum
1817 2246 2234 2312 nihilominus
2281 2267 2427 2311 esse
2472 2245 2763 2329 spurium
2809 2244 2916 2309 vel

264 2347 640 2428 corruptum
671 2341 714 2410 ².

332 2543 370 2628 ξ
418 2540 523 2611 52.
618 2543 926 2612 subsidia
969 2545 1309 2611 litteraria
1356 2544 1441 2612 ad
1490 2545 1844 2612 Decretum
1892 2544 2194 2611 Gratiani
2240 2541 2833 2631 interpretandum.

433 2705 619 2771 Inter
678 2706 966 2772 subsidia
1034 2706 1362 2774 litteraria
1431 2707 1514 2773 ad
1579 2705 2194 2789 interpretationem
2253 2679 2519 2770 Decreti
2582 2703 2704 2768 hoc
2772 2702 2916 2767 1000

260 2803 645 2884 praesertim
693 2804 1033 2886 sequentia
1078 2805 1370 2871 notanda
1416 2808 1570 2871 sunt
1595 2802 1639 2870 ³.

434 2902 488 2967 I.
540 2903 748 2987 Opera
794 2905 1278 2986 introductoria,
1328 2906 1397 2969 et
1443 2902 1620 2968 inter
1664 2902 1828 2967 haec
1874 2900 2259 2966 nominatim

440 3003 500 3065 1.
550 3000 911 3065 Sebastiam
942 3001 1231 3065 Berardi
1278 3021 1473 3083 opus.
1525 2998 1824 3066 Gratiani
1857 2998 2151 3063 Canones
2196 2997 2462 3080 genuini
2509 2997 2590 3063 ab
2638 3017 2916 3080 apocry-

256 3096 401 3180 phis
434 3096 718 3174 discreti,
769 3097 867 3163 ed.
902 3098 1182 3180 August.
1219 3098 1483 3163 Taurin.
1525 3099 1985 3173 1752-1757,
2020 3099 2089 3161 013
2123 3096 2357 3162 Venet.
2398 3096 2587 3173 1783,
2639 3097 2678 3159 3
2711 3097 2911 3178 partt.

258 3192 325 3275 (4
371 3194 632 3278 130111111.)
677 3195 746 3259 111
793 3192 881 3261 4⁰.
911 3195 937 3233 ⁴

437 3348 457 3380 ¹
496 3345 563 3397 V.
602 3362 654 3412 g.
692 3344 798 3399 loci
834 3362 999 3413 supra
1025 3343 1249 3411 allegati
1285 3343 1390 3397 ita:
1431 3344 1527 3398 cfr.
1573 3344 1719 3411 (velt
1759 3344 1909 3411 vide)
1953 3362 1998 3397 0.
2031 3344 2076 3396 1.
2116 3344 2179 3397 D.
2208 3344 2275 3406 I.;
2316 3361 2360 3396 c.
2383 3343 2439 3396 8.
2480 3342 2542 3394 D.
2572 3341 2715 3403 XII.;
2756 3358 2799 3395 c.
2827 3341 2913 3395 40.

258 3424 314 3477 G.
354 3425 583 3478 XXVII.
624 3441 714 3492 qu.
758 3425 835 3487 1.;
874 3424 1016 3478 Dict.
1057 3424 1210 3478 Grat.
1248 3427 1386 3493 post.
1426 3441 1473 3477 c.
1513 3424 1562 3479 8.
1601 3424 1666 3477 D.
1706 3423 1930 3479 XXVII.

437 3507 461 3540 ²
501 3505 988 3573 Schmalzyrueber,
1029 3504 1063 3558 J
1065 3522 1132 3558 us
1158 3504 1286 3558 eccl.
1316 3503 1482 3569 univ„
1519 3504 1761 3558 Prooem.
1800 3522 1853 3557 11.
1881 3504 2033 3566 265.;
2074 3505 2300 3572 Schulte,
2338 3503 2439 3555 Die
2464 3501 2636 3554 Lehre
2674 3518 2782 3554 von
2815 3500 2918 3553 den

260 3585 494 3649 Quellen
531 3585 626 3637 des
662 3583 867 3638 kathol.
907 3584 1347 3648 KirchenrechtS,
1386 3602 1436 3653 p.
1476 3584 1599 3637 331.

438 3666 461 3700 ³
498 3664 623 3718 Alia
661 3667 717 3718 et
752 3663 1071 3718 nominatim
1108 3666 1314 3718 Lex-ica
1344 3663 1486 3734 juris
1523 3664 1768 3718 canonici
1805 3666 1969 3732 atque
2006 3681 2199 3733 opera,
2252 3662 2609 3717 enucleationi
2646 3662 2917 3714 abbrevia—

256 3749 491 3813 tionum,
538 3747 656 3797 tum
692 3744 748 3798 in
787 3744 1060 3799 codicibus
1096 3761 1257 3809 mss„
1314 3748 1430 3798 tum
1468 3744 1524 3797 in
1562 3744 1959 3812 antiquioribus
2006 3743 2332 3797 editionibus
2368 3741 2587 3796 Decreti
2638 3759 2917 3796 occurren·

255 3825 413 3890 tium,
455 3824 806 3888 inserventia,
843 3824 1070 3878 inferius
1114 3824 1276 3894 (part.
1315 3825 1408 3878 III.
1448 3841 1564 3894 cap.
1605 3824 1653 3878 3.
1694 3827 1795 3878 art.
1835 3824 1945 3892 2.,)
1990 3824 2083 3877 ubi
2121 3824 2187 3878 de
2223 3823 2477 3877 universo
2517 3821 2747 3892 Corpore
2780 3821 2919 3891 J'uris

255 3904 506 3959 canonici
542 3921 717 3958 sermo
755 3906 856 3969 est,
893 3904 949 3957 in
986 3904 1224 3958 medium
1261 3905 1617 3958 adducuntur.

437 3987 463 4021 4
499 3983 605 4037 Pro
642 3983 874 4038 faciliori
909 4000 1012 4038 usu
1050 3984 1211 4055 hujus
1237 3984 1414 4053 operis
1451 3984 1747 4038 notandum
1786 3987 1886 4048 est,
1925 3984 2161 4037 divisum
2186 3983 2321 4037 illud
2348 4000 2468 4037 esse
2491 3983 2628 4035 intr
2630 4000 2681 4035 es
2718 3984 2917 4051 partes,

255 4064 312 4117 in
349 4081 584 4133 quarum
611 4067 803 4132 prima
838 4066 1145 4118 tractantur
1181 4063 1264 4117 1111
1300 4081 1533 4118 canones
1569 4062 1804 4129 Decreti,
1844 4064 1936 4132 qui
1974 4063 2251 4118 continent
2288 4064 2505 4117 decreta
2542 4062 2917 4125 Conciliorum,

254 4142 597 4211 generalium
648 4146 703 4197 et
739 4142 1177 4212 particularium;
1229 4143 1286 4197 in
1321 4145 1554 4197 secunda
1592 4146 1748 4213 parte
1765 4185 1778 4208 ,
1832 4160 1970 4212 quae
2009 4143 2289 4197 subdivisa
2339 4143 2395 4196 in
2434 4143 2567 4196 duos
2603 4146 2779 4195 tomos
2817 4144 2917 4205 est,

256 4224 641 4293 expenduntur
692 4240 923 4277 canones
961 4223 1044 4276 1111
1057 4265 1073 4288 ,
1125 4223 1218 4292 (1111
1256 4223 1533 4278 continent
1569 4222 1984 4278 constitutiones
2021 4226 2078 4277 et
2115 4223 2415 4278 decretales
2470 4222 2728 4292 epistolas
2766 4220 2916 4275 Sum·

254 4321 471 4358 morum
510 4302 862 4366 Pontificum;
915 4303 971 4356 in
1018 4307 1180 4357 tertia
1216 4306 1370 4373 parte
1409 4303 1776 4357 discutiuntur
1810 4303 1893 4357 illi
1930 4321 2163 4357 canones
2179 4346 2192 4368 ,
2247 4303 2341 4372 qui
2379 4301 2648 4371 desumpti
2685 4304 2813 4355 sunt
2850 4319 2920 4355 ex

255 4383 514 4453 operibus
551 4382 642 4437 SS.
682 4382 909 4437 Patrum
945 4383 1281 4451 aliorumque
1318 4383 1652 4453 Scriptorum
1690 4383 2181 4438 ecclesiasticorum
2218 4387 2275 4437 et
2310 4383 2543 4437 aliunde.

440 4463 607 4517 Porro
632 4463 689 4516 in
712 4463 946 4530 singulis
970 4463 1215 4533 partibus
1250 4463 1481 4517 materia
1518 4463 1705 4517 ordine
1742 4463 2117 4531 chronologico
2155 4463 2418 4533 disposita
2454 4465 2554 4527 est,
2594 4465 2650 4516 et
2686 4478 2919 4515 canones

254 4562 328 4597 ex
364 4561 475 4598 uno
512 4543 806 4611 eodemque
840 4543 991 4597 fonte
1027 4542 1261 4597 derivati
1296 4543 1460 4598 simul
1498 4542 1750 4597 continuo
1806 4546 2067 4597 contextu
2115 4546 2423 4598 tractantur
2471 4546 2636 4611 atque
2674 4542 2742 4595 ad
2778 4559 2917 4595 mar·

253 4622 445 4689 ginem
479 4622 629 4677 illius
663 4626 933 4677 tractatus
970 4640 1078 4677 una
1114 4640 1239 4677 cum
1274 4622 1636 4687 distinctione,
1672 4640 1814 4693 resp.
1854 4641 2019 4678 causa
2056 4626 2113 4677 et
2149 4623 2464 4692 quaestione
2500 4622 2823 4676 indicantur.

444 4703 671 4772 Insuper
706 4702 777 4757 ad
813 4703 1019 4757 calcem
1056 4702 1227 4773 partis
1263 4707 1451 4757 tertiae
1502 4702 1749 4773 adjectus
1786 4706 1872 4757 est
1906 4703 2073 4757 index
2108 4703 2346 4757 omnium
2383 4720 2647 4757 canonum
2683 4702 2917 4767 Decreti,

255 4782 615 4837 concinnatus
663 4785 882 4845 servato
933 4782 1338 4837 distinctionum
1353 4824 1367 4848 ,
1419 4800 1708 4838 causarum
1753 4785 1810 4837 et
1862 4782 2238 4852 quaestionum
2274 4783 2487 4848 ordine,
2527 4800 2688 4852 quem
2724 4782 2828 4836 hae
2863 4781 2921 4836 in
