3355 5328
1393 338 1571 393 sectio
1608 339 1704 394 Vl.
1757 340 1789 406 g
1831 341 1949 394 149.
2896 338 3002 393 213

334 495 517 579 typis
564 495 885 580 impressa
929 497 1172 581 prodiit
1204 499 1453 564 Romae
1487 522 1545 566 a.
1587 502 1755 565 1582
1806 502 1924 565 sub
1971 500 2199 567 titulo:
2259 501 2834 581 „Extravagantes
2880 550 2893 565 .
2932 550 2945 564 .
2984 550 2997 564 .

336 593 576 675 viginti
605 595 683 661 D.
718 596 762 660 J
765 596 992 661 oannis
1022 596 1244 680 Papae
1277 597 1480 663 XXII.
1520 650 1533 665 .
1572 651 1585 665 .
1625 651 1638 664 .
1689 620 1847 663 suae
1878 598 2250 680 integritati
2287 620 2417 664 una
2450 620 2595 663 cum
2627 597 2863 678 glossis
2895 617 2999 661 re-

335 691 649 758 stitutae“
666 742 679 770 ,
697 693 965 772 Romae,
988 694 1055 758 in
1076 694 1346 759 aedibus
1362 695 1591 779 Populi
1607 696 1907 776 Romani,
1930 718 2059 761 uno
2079 700 2236 763 tom.
2260 696 2327 760 in
2351 695 2463 762 fol.
2488 697 2606 762 col.
2631 696 2932 761 1.-178,
2956 693 2997 760 ¹.

519 790 796 856 Secutae
844 795 998 857 sunt
1045 792 1277 857 deinde
1325 793 1524 859 editio
1573 815 1658 859 ex
1719 794 2099 860 recensione
2146 796 2323 860 Petri
2373 803 2427 860 et
2472 795 2808 859 Francisei
2863 792 2999 857 fra-

332 889 513 952 trum
559 889 962 954 Pithoeorum
989 887 1013 927 ²
1026 914 1054 973 ,·
1099 912 1296 973 porro
1343 893 1519 957 Justi
1565 894 1870 979 Hemzinq
1915 893 2191 958 Bo‘hmer
2225 890 2267 976 ³,
2337 913 2505 975 quae
2551 912 2758 973 aeque
2807 912 2884 955 ac
2930 890 2999 955 in

333 985 661 1068 prioribus
708 987 1197 1053 collectionibus
1245 1010 1285 1053 a
1331 992 1523 1055 textu
1570 1012 1842 1056 romano
1889 991 2170 1068 recedit3
2220 993 2363 1055 tum
2393 992 2653 1055 Aemilii
2689 990 3000 1055 Ludovici

339 1085 598 1149 Richter
628 1083 826 1150 editio
854 1084 899 1165 ⁴,
949 1107 1117 1168 quae
1147 1090 1411 1152 textum
1443 1088 1745 1154 editionis
1777 1089 2115 1154 Romanae
2147 1088 2475 1170 integrum
2506 1087 2746 1164 refert3
2798 1090 2998 1168 atque

328 1181 781 1248 recentissime
814 1183 1012 1250 editio
1046 1186 1305 1250 Aemilii
1341 1186 1688 1271 Friedberq
1714 1185 1758 1270 ⁵,
1810 1186 1919 1268 qui
1964 1185 2032 1251 in
2064 1208 2142 1252 ea
2188 1185 2347 1252 item
2379 1189 2642 1253 textum
2688 1183 2995 1250 editionis

333 1279 675 1345 Romanae
722 1286 1027 1348 accurate
1075 1282 1406 1362 exhibuit,
1471 1287 1539 1349 et
1585 1284 1854 1367 insuper
1871 1334 1885 1362 ‚
1948 1284 2243 1368 plurimis
2268 1368 2271 1371 ἢ
2292 1288 2361 1350 et
2413 1282 2997 1367 praestantissimis

333 1377 663 1443 codicibus
709 1401 862 1446 mss,
914 1380 1262 1462 diligenter
1309 1381 1583 1460 collatiS‚
1631 1382 1850 1448 textui
1896 1382 2259 1447 uberrimas
2305 1381 2619 1447 lectiones
2657 1379 2997 1446 variantes

332 1479 406 1540 et
453 1476 754 1558 egregias
800 1481 993 1544 notas
1041 1478 1533 1560 chronologicas
1581 1484 1649 1545 et
1696 1479 1958 1546 criticas
2005 1480 2305 1564 adjunxit
2331 1477 2374 1547 ⁶.

514 1574 704 1640 Aliae
751 1576 1068 1641 editiones
1114 1577 1305 1660 hujus
1352 1577 1754 1643 collectionis
1814 1578 2350 1644 memorabuntur
2401 1577 2606 1657 infra,
2671 1599 2869 1660 quum
2916 1577 2996 1642 de

331 1670 728 1738 editionibus
772 1674 979 1740 totius
1026 1674 1327 1757 Corporis
1367 1675 1534 1759 juris
1584 1676 1878 1741 canonici
1924 1698 2140 1742 sermo
2189 1676 2314 1742 erit
2342 1674 2385 1743 ⁷.

1134 1906 1654 1976 ARTICULUS
1703 1905 2188 1976 SECUNDUS.

952 2062 1257 2135 collectio
1303 2061 1902 2154 Extravagantium
1947 2060 2382 2133 communium.

483 2252 522 2338 ἕ
569 2250 707 2321 149.
800 2253 961 2341 Ejus
1010 2255 1217 2341 origo,
1267 2253 1628 2342 dispositio,
1677 2274 1822 2322 eam
1870 2253 2121 2322 citandi
2165 2254 2341 2320 ratio
2389 2254 2587 2340 atque
2631 2254 2845 2341 prima

1451 2364 1597 2450 ejus
1645 2362 1870 2430 editio.

512 2521 861 2588 Praefatus
893 2524 1178 2589 Joannes
1213 2526 1538 2610 Chappuis
1585 2529 1808 2591 autem
1855 2524 2055 2589 etiam
2088 2524 2167 2590 de
2200 2523 2345 2589 aliis
2376 2522 2992 2603 Extravagantibus

331 2617 745 2686 Summorum
790 2621 1177 2688 Pontificum
1238 2623 1618 2705 colligendis
1680 2626 1749 2689 et
1806 2621 2251 2707 imprimendis
2313 2643 2535 2687 curam
2584 2621 2831 2688 habuit.
2925 2621 2991 2687 Is

330 2717 636 2783 nimirum
681 2720 1222 2802 Extravagantes
1270 2722 1682 2787 Summorum
1728 2722 2115 2787 Pontificum
2159 2721 2311 2786 inde
2359 2742 2399 2786 a
2429 2720 2770 2803 Bonifacio
2808 2721 2988 2787 VIII.

328 2813 466 2897 (24.
501 2818 841 2884 Decembr.
882 2821 1249 2886 1294—11.
1287 2820 1550 2886 Octobr.
1590 2820 1789 2901 1303)
1837 2840 2042 2901 usque
2090 2820 2175 2885 ad
2223 2819 2481 2884 Sixtum
2526 2818 2640 2884 IV.
2692 2815 2780 2897 (9.
2815 2818 2987 2900 Aug.

337 2915 706 2982 1471—13.
754 2915 924 2998 Aug.
973 2917 1204 3000 1484),
1255 2939 1422 2999 quae
1467 2921 1608 2983 tum
1653 2919 1721 2982 in
1770 2918 2095 2983 codicibus
2140 2939 2330 2995 mss,
2386 2921 2529 2983 tum
2574 2916 2641 2980 in
2689 2916 2990 2981 editioni-

329 3012 452 3078 bus
523 3012 976 3079 collectionum
1038 3015 1205 3098 juris
1275 3016 1741 3096 ecclesiastici,
1823 3020 1981 3082 tunc
2050 3015 2506 3094 exstantibUS,
2584 3017 2992 3080 communiter

328 3111 798 3190 occurrebant,
869 3134 1137 3178 numero
1202 3116 1285 3178 70
1320 3112 1373 3192 5,
1440 3113 1508 3178 in
1572 3136 1773 3179 unum
1838 3113 2103 3195 collegit
2173 3118 2240 3180 et
2302 3114 2471 3179 hanc
2541 3112 2990 3179 collectionem

513 3298 529 3331 ¹
571 3296 720 3361 Quae
759 3297 921 3351 editio
959 3296 1264 3364 generatim
1297 3301 1512 3351 textum
1538 3297 1791 3352 editionis
1817 3297 1991 3352 Paris.
2019 3315 2053 3351 a
2080 3297 2218 3351 1520
2245 3314 2366 3350 cum
2406 3293 2769 3348 additionibus
2797 3297 2990 3349 Jacobi

329 3376 574 3429 Fontani
615 3376 1002 3444 (additionibus
1041 3378 1234 3431 Jacobi
1270 3379 1534 3431 Molinaei
1570 3378 1637 3432 ob
1676 3395 1914 3442 causam,
1953 3394 2118 3446 supra
2157 3376 2228 3445 [p.
2269 3374 2376 3442 62]
2415 3378 2793 3439 memoratam,
2833 3393 2988 3444 repu-

327 3454 518 3524 diatis)
561 3457 796 3512 exhibet.
856 3458 1023 3512 Porro
1062 3458 1129 3512 ab
1167 3457 1321 3512 initio
1358 3461 1483 3527 post
1519 3457 1742 3512 titulum
1780 3457 1958 3527 operis
1997 3461 2053 3511 et
2089 3456 2398 3524 imaginem,
2432 3455 2547 3525 jam
2585 3472 2750 3524 supra
2787 3454 2843 3507 in
2881 3455 2986 3508 col-

328 3534 562 3590 lectione
603 3538 1054 3592 C'lementinarum
1092 3541 1463 3602 memoratam,
1507 3539 1679 3592 refert
1716 3537 2119 3607 alphabeticum
2155 3536 2390 3590 indicem
2425 3533 2766 3588 rubricarum
2802 3534 2987 3588 titulo-

326 3632 451 3668 rum
489 3619 653 3684 atque
690 3617 930 3687 capitum
968 3618 1128 3688 hujus
1167 3618 1502 3673 collectionis
1558 3617 1689 3686 (una
1728 3636 1851 3671 cum
1902 3616 2210 3687 hujusmodi
2260 3615 2436 3669 indice
2474 3613 2615 3668 alius
2654 3614 2987 3669 collectionis

329 3694 844 3764 Extravagantium,
881 3698 1109 3752 inferius
1147 3699 1201 3767 [ξ
1231 3697 1371 3767 149.]
1399 3697 1752 3766 nominatae),
1777 3701 1896 3752 tum
1923 3699 2021 3752 col.
2053 3699 2224 3751 1.—4.
2252 3694 2503 3765 superius
2527 3694 2812 3748 laudatum.
2834 3713 2986 3763 prae·

326 3774 538 3829 ludium
577 3780 813 3832 Joannis
849 3781 1138 3832 Francisci
1174 3781 1238 3832 de
1277 3782 1499 3832 Pavinis
1544 3779 1600 3833 in
1637 3779 2112 3845 Extravagantes,
2150 3777 2208 3830 in
2243 3775 2485 3843 Regulas
2525 3774 2894 3828 Cancellariae
2932 3777 2988 3829 et

326 3855 385 3908 in
420 3856 734 3912 Decisiones
770 3859 959 3923 Rotae,
998 3859 1189 3913 deinde
1228 3860 1326 3913 col.
1367 3861 1612 3913 5.—176.
1651 3862 1866 3912 textum
1905 3858 2067 3928 hujus
2105 3855 2439 3911 collectionis
2476 3872 2585 3908 una
2623 3872 2747 3907 cum
2784 3854 2985 3922 glossa,

326 3937 519 3990 eadem
554 3937 715 4007 plane
751 3938 960 3992 ratione
997 3939 1338 4009 impressum,
1376 3939 1457 3994 uti
1494 3957 1659 4009 supra
1697 3938 1976 3993 occasione
2014 3936 2347 3992 collectionis
2383 3934 2841 3988 Clementinarum
2878 3953 2985 3988 me·

326 4015 614 4082 minimae,
659 4017 850 4072 deinde
887 4037 1060 4087 usque
1098 4020 1165 4074 ad
1205 4019 1303 4073 col.
1347 4021 1465 4075 178.
1506 4019 1748 4090 ejusdem
1787 4022 1950 4073 Joan.
1989 4021 2193 4072 Franc.
2233 4020 2297 4070 de
2336 4019 2556 4069 Pavim's
2591 4014 2892 4084 Apostillas
2928 4014 2988 4068 in

327 4095 429 4151 has
466 4096 667 4164 viginti
701 4097 1146 4166 Exti-evagantes
1183 4100 1365 4169 Papae
1405 4100 1439 4153 J
1442 4099 1631 4153 oannis
1668 4099 1841 4152 XXII.

509 4178 528 4209 ²
567 4177 630 4230 In
664 4180 810 4231 tomo
847 4179 915 4233 II.
958 4180 1208 4249 Corporis
1239 4180 1346 4249 jur.
1387 4197 1522 4243 can„
1561 4197 1593 4232 a
1635 4181 1865 4232 Claudio
1903 4180 1949 4231 le
1987 4180 2210 4230 Peletier
2246 4176 2379 4231 editi
2415 4174 2589 4228 Paris.
2633 4175 2787 4228 1687.

510 4258 530 4290 ⁸
566 4258 704 4312 Item
740 4258 800 4312 in
832 4261 978 4313 tomo
1016 4260 1082 4313 II.
1125 4259 1375 4329 Corporis
1407 4259 1514 4330 jur.
1555 4277 1691 4323 can„
1731 4259 1798 4312 ab
1839 4276 1900 4312 eo
1939 4256 2185 4324 evulgati
2222 4257 2397 4310 Halae
2434 4254 2618 4322 Magd.
2664 4255 2816 4307 1747.

506 4339 530 4373 4
565 4338 629 4391 In
664 4341 820 4408 parte
856 4339 924 4393 II.
968 4339 1218 4411 Corporis
1251 4340 1358 4410 jur.
1399 4358 1534 4404 can„
1573 4340 1641 4393 ab
1680 4339 1798 4408 ipso
1838 4337 1970 4392 editi
2006 4338 2151 4407 Lips.
2196 4338 2362 4392 1839.-

508 4420 528 4454 ⁵
566 4418 780 4472 Pariter
815 4418 875 4473 in
909 4422 1065 4489 parte
1101 4420 1169 4473 II.
1212 4419 1460 4490 Corporis
1494 4420 1600 4490 jur.
1641 4437 1777 4482 can„
1816 4418 1884 4472 ab
1923 4436 1985 4472 eo
2025 4417 2269 4484 evulgati
2307 4417 2454 4486 Lips.
2497 4414 2635 4469 1879
2673 4430 2792 4482 sqq.

507 4500 528 4534 θ
568 4499 677 4553 Cfr.
715 4498 888 4568 ipsius
926 4498 1040 4553 citt.
1081 4499 1323 4569 prolegg.
1365 4499 1464 4553 col.
1503 4499 1667 4553 LXV.
1708 4516 1829 4567 sqq.

509 4580 528 4613 '¹
565 4578 712 4641 Illas,
751 4595 889 4647 quae
927 4597 1099 4647 usque
1137 4580 1206 4633 ad
1245 4597 1443 4633 annum
1473 4580 1609 4634 1789
1635 4579 1952 4649 prodierunt
1984 4577 2145 4648 hujus
2184 4576 2516 4632 collectionis
2555 4579 2836 4645 editioneS,
2873 4599 2981 4634 me·

323 4661 505 4712 morat
532 4661 749 4729 Bickell,
788 4659 968 4713 Ueber
1005 4658 1090 4713 die
1127 4658 1475 4726 Entstehung
1511 4661 1622 4713 und
1660 4660 1765 4713 den
1800 4658 2062 4725 heutigen
2100 4657 2387 4711 Gebrauch
2426 4659 2520 4712 der
2557 4659 2750 4713 beiden
2785 4661 2981 4715 Extra·

325 4738 983 4807 vagantensammlungen
1021 4739 1116 4792 des
1154 4739 1309 4809 Corp.
1343 4740 1450 4810 jur.
1490 4758 1624 4803 can„
1663 4758 1716 4809 p.
1759 4740 1877 4793 100.
1916 4756 2035 4806 sqq.

507 4819 529 4854 ⁸
564 4820 770 4872 Biekell
781 4818 817 4872 l.
835 4837 880 4873 c.
897 4838 948 4889 p.
966 4819 1050 4873 35.
1071 4822 1183 4874 not.
1200 4820 1250 4873 2.
1261 4839 1274 4884 ;
1298 4821 1525 4888 Schulte,
1545 4819 1646 4873 Die
1663 4819 1992 4874 Geschichte
2013 4819 2108 4872 der
2127 4816 2372 4883 Quellen‚
2391 4821 2521 4873 tom.
2539 4820 2606 4874 H.
2628 4838 2680 4890 p.
2699 4820 2783 4874 63.
2804 4822 2912 4874 not.
2930 4820 2980 4874 9.

3097 4954 3180 5005 f
