3355 5328
436 346 540 402 138
1235 346 1375 401 Pars
1410 347 1478 402 H.
1531 345 1889 402 Collectiones
1925 348 2291 404 decretalium.

608 506 999 590 Hujusmodi
1028 508 1432 574 mutationes
1460 507 1891 590 Raymundus
1933 507 2136 573 etiam
2180 508 2250 574 in
2294 508 2797 575 auctoritatibus
2830 507 3080 574 aliunde

432 605 762 684 assumtiS,
808 605 1005 670 immo
1053 605 1255 671 etiam
1300 606 1369 671 in
1416 605 1854 671 decretalibus
1881 605 2086 689 ipsius
2115 606 2337 691 Papae
2368 606 2669 689 Gregorii
2698 606 2811 673 IX.
2859 605 3016 673 fecit
3040 602 3077 674 ¹.

609 711 716 776 Ad
776 712 950 795 quod
1009 711 1492 797 suscipiendum
1552 711 1727 777 idem
1785 711 2215 796 Raymundus
2275 735 2316 778 a
2368 713 2553 797 Papa
2613 714 2920 799 Greqorio
2967 713 3076 779 IX.

429 810 697 893 plenam
741 814 1142 894 potestatem
1190 810 1565 877 obtinuerat
1587 807 1632 876 ².

609 918 1062 1002 Inscriptiones
1091 920 1317 983 tamen
1348 917 1637 1001 capitum
1666 916 2001 1000 pristinae,
2047 939 2211 1000 quas
2241 918 2606 996 invenerat,
2639 916 3077 1002 Raymundus,

428 1035 561 1079 non
608 1015 915 1081 obstante
946 1015 1332 1093 mutatione,
1381 1035 1579 1097 quam
1624 1013 1801 1080 forte
1846 1014 1914 1079 in
1958 1015 2219 1080 illorum
2251 1016 2543 1100 capitum
2577 1020 2771 1083 textu
2818 1014 3077 1093 fecerat,

427 1111 701 1178 retinuit
718 1162 733 1191 ,
800 1113 942 1178 sine
1007 1113 1200 1178 dubio
1259 1113 1406 1178 ideo
1425 1163 1439 1191 ,
1506 1117 1581 1178 ut
1639 1115 1961 1178 testatum
2019 1113 2272 1181 faceret
2292 1164 2306 1192 ,
2373 1135 2446 1180 se
2506 1114 2726 1198 capita
2782 1114 2904 1180 illa
2963 1135 3080 1179 non

429 1230 466 1274 e
511 1231 632 1275 sua
676 1231 868 1295 penu,
918 1212 1036 1276 sed
1082 1232 1167 1277 ex
1214 1214 1488 1276 aliorum
1533 1210 1837 1295 operibus
1884 1212 2326 1295 composuisse
2341 1262 2355 1290 ‚
2405 1233 2822 1296 nequaquum
2869 1203 3079 1277 autem

426 1307 574 1373 ideo
589 1358 603 1386 ,
652 1314 727 1375 ut
772 1309 1126 1375 lectoribus
1169 1309 1503 1390 ingereret
1550 1308 1921 1392 opinionem
1939 1359 1953 1388 ,
2004 1330 2082 1375 ac
2128 1310 2184 1375 si
2228 1315 2411 1376 recte
2456 1310 2524 1375 in
2568 1310 2693 1375 hac
2738 1310 3078 1374 verborum

427 1404 642 1472 forma
688 1408 908 1486 effata,
954 1407 1023 1472 in
1068 1407 1197 1472 illis
1244 1407 1566 1492 capitibus
1612 1407 1827 1472 relata
1843 1457 1858 1486 ,
1916 1409 1998 1472 ab
2043 1407 2126 1473 iis
2144 1458 2158 1487 ,
2209 1409 2319 1491 qui
2365 1408 2433 1473 in
2480 1408 2770 1492 capitum
2814 1408 3080 1491 inscrip-

426 1504 715 1571 tionibus
761 1505 1198 1583 nominantur,
1248 1505 1623 1571 auctoribus
1669 1505 2115 1588 originetenus
2160 1506 2620 1591 provenissent
2643 1503 2689 1573 ⁸.

606 1612 730 1678 Illa
775 1612 1317 1697 compilationum
1366 1612 1785 1694 antiquarum
1831 1616 2077 1698 capita,
2126 1635 2295 1696 quae
2342 1614 2422 1678 de
2470 1612 2747 1678 diversis
2793 1611 3081 1679 materiis

429 1710 716 1790 agebant
733 1760 747 1788 ,
813 1710 1242 1793 Raymundus
1304 1709 1374 1775 in
1431 1710 1709 1776 totidem
1772 1714 2000 1794 partes
2062 1711 2284 1778 divisit
2346 1716 2414 1779 et
2474 1711 2768 1793 singulas
2827 1711 3079 1776 illarum

424 1806 712 1890 partium
758 1812 1074 1891 tanquam
1122 1807 1480 1891 peculiaria
1540 1808 1760 1892 capita
1804 1808 1873 1872 in
1933 1809 2239 1890 congruis
2285 1812 2486 1876 titulis
2546 1809 2895 1875 collocavit
2914 1859 2928 1887 ,
2993 1808 3082 1875 ita
3120 1892 3125 1898 ι

428 1907 688 1984 tamen,
750 1910 826 1971 ut
880 1926 1063 1971 more
1108 1907 1311 1971 Alani
1372 1910 1439 1971 et
1499 1908 1841 1972 auctorum
1888 1906 2430 1990 Compilationum
2476 1907 2590 1973 111.
2612 1957 2627 1986 ,
2675 1907 2789 1973 IV.
2840 1911 2908 1972 et
2951 1907 3031 1972 V.
3056 1903 3081 1944 ⁴

429 2002 726 2068 omnibus
769 2003 1140 2086 hujusmodi
1193 2003 1517 2086 capitibus
1565 2003 1646 2069 de
1692 2004 1923 2085 regula
1981 2004 2299 2070 initialem
2359 2006 2664 2071 voculam
2710 2001 2945 2089 capitis
2992 2003 3082 2070 ita

428 2101 621 2165 divisi
665 2100 1053 2184 praefixerit
1076 2099 1121 2167 ⁵.
2735 2134 2738 2137 ·

414 2268 418 2273 ,
604 2198 1005 2281 Quandoque
1050 2202 1277 2264 tamen
1306 2198 1677 2282 hujusmodi
1710 2199 2321 2265 determinationem
2354 2221 2702 2284 apponere,
2748 2200 2947 2264 immo
2983 2198 3083 2263 vel

419 2296 557 2379 jam
602 2296 671 2361 in
717 2296 1296 2381 Compilationibus
1342 2296 1630 2378 antiquis
1677 2297 2050 2382 appositam
2096 2319 2430 2363 assumere
2478 2298 2697 2365 omisit
2722 2296 2768 2366 ⁶.

427 2513 543 2566 cap.
585 2498 633 2550 7.
672 2496 739 2550 X.
778 2497 845 2550 de
880 2501 1048 2569 temp.
1085 2499 1198 2554 ord.
1237 2499 1278 2553 I.
1321 2500 1423 2563 11..
1460 2502 1587 2569 post
1620 2516 1839 2553 vocem:
1879 2501 2055 2553 tribus
2088 2499 2321 2554 inseruit
2354 2517 2504 2554 voc.:
2554 2502 2633 2553 vel
2668 2500 2889 2553 duobus.
2953 2499 3084 2551 Item

424 2575 483 2628 in
520 2575 704 2645 Comp.
743 2576 838 2631 III.
879 2595 924 2631 c.
963 2579 1012 2632 2.
1052 2579 1119 2632 de
1158 2578 1285 2633 cler.
1325 2579 1538 2650 conjug.
1576 2579 1671 2632 111.
1712 2579 1760 2633 3.
1780 2621 1793 2644 ,
1842 2597 1873 2632 e
1911 2596 2017 2648 quo
2055 2580 2344 2634 adornavit
2379 2597 2494 2649 cap.
2535 2581 2585 2634 6.
2622 2579 2689 2633 Χ.
2730 2580 2845 2635 eod.
2883 2578 2983 2632 111.
3021 2577 3085 2641 3„

426 2655 485 2709 in
523 2655 915 2727 propositione:
969 2658 1046 2724 „si
1085 2658 1234 2713 aliud
1271 2678 1378 2713 non
1401 2659 1686 2725 obsistat“,
1725 2662 1851 2731 post
1874 2678 2093 2715 vocem:
2130 2661 2287 2715 aliud
2309 2660 2540 2715 inseruit
2563 2677 2713 2715 voc.:
2749 2663 3082 2713 canonicum.

609 2736 627 2768 ¹
667 2738 978 2808 Friedberq,
1015 2740 1074 2792 in
1111 2739 1267 2809 Corp.
1301 2739 1408 2810 jur.
1448 2757 1564 2794 can.
1603 2743 1743 2810 part.
1783 2740 1851 2794 H.
1889 2740 2134 2810 prolegg.
2172 2741 2275 2795 col.
2313 2741 2535 2796 XXXV.

609 2818 630 2852 ²
666 2817 729 2870 Id
766 2817 946 2872 elucet
982 2837 1011 2873 e
1049 2819 1141 2873 cit.
1180 2818 1333 2873 bulla
1368 2820 1778 2889 publicationis:
1815 2823 1936 2874 Rex
1960 2823 2240 2889 pacificus.
2292 2822 2354 2875 Id
2380 2822 2545 2876 etiam
2580 2820 2833 2888 agnoscit
2858 2821 3084 2886 Schultz,

422 2896 526 2949 Die
563 2896 890 2952 Geschichte
940 2899 1036 2953 der
1074 2899 1303 2965 Quellen
1318 2941 1330 2963 ‚
1386 2903 1517 2953 tom.
1556 2900 1625 2953 H.
1663 2918 1715 2970 p.
1759 2901 1842 2954 14.
1916 2900 2092 2954 Simili
2129 2903 2402 2971 potestate
2438 2902 2506 2955 ab
2543 2902 2877 2971 Imperatore
2915 2902 3084 2954 Justi-

422 2980 592 3030 niano
630 2980 674 3031 Ι.
713 2977 1014 3033 instructus
1066 2982 1185 3033 erat
1234 2983 1291 3033 et
1325 2979 1492 3033 simili
1528 2980 1687 3034 modo
1738 2999 1803 3035 ea
1839 2998 1973 3035 usus
2011 2984 2098 3035 est
2146 2981 2569 3051 jurisconsultus
2613 2982 2985 3035 Tribom‘anus
3031 2978 3086 3032 in

423 3057 750 3111 adornandis
807 3060 1088 3113 Pandectis
1146 3061 1437 3127 (Diyestis)
1495 3063 1552 3114 et
1609 3061 1800 3114 Codice
1853 3078 1985 3115 novo
2041 3061 2078 3115 J
2079 3060 2399 3116 ustinianeo.
2490 3061 2600 3115 cfr.
2657 3061 2802 3115 infra
2856 3058 3081 3130 append.

427 3154 543 3205 cap.
581 3138 624 3190 I.
662 3141 765 3192 art.
806 3140 854 3192 3.
895 3138 928 3205 ἓ
969 3140 1051 3193 15.
1091 3142 1149 3193 et
1187 3141 1270 3193 17.
2517 3185 2522 3190 .

601 3219 621 3253 ³
657 3218 743 3272 Ita
792 3218 959 3271 etiam
1003 3221 1370 3273 Tribonianus
1418 3220 1575 3274 modo
1627 3224 1960 3275 memoratus
2007 3220 2066 3273 in
2119 3223 2404 3275 Pandectis
2457 3222 2747 3289 (Diyestis)
2807 3220 2955 3274 circa
3009 3218 3084 3272 in-

420 3296 741 3366 scriptiones
795 3298 1135 3367 singulorum
1189 3300 1619 3367 fragmentorum
1655 3318 1879 3371 operum
1922 3300 2295 3372 juristicorum
2310 3344 2323 3366 ,
2381 3304 2438 3355 et
2470 3300 2529 3353 in
2571 3301 2760 3355 Codice
2810 3317 2947 3354 novo
2985 3299 3084 3351 Im-

424 3378 691 3446 peratoris
718 3378 754 3432 J
754 3378 1016 3433 ustiniani
1052 3379 1093 3432 I.
1143 3378 1287 3433 circa
1322 3378 1703 3450 inscriptiones
1739 3380 2080 3448 singularum
2116 3380 2563 3434 constitutionum
2597 3379 3087 3450 imperatoriamm,

419 3475 529 3510 non
566 3457 907 3513 obstantibus
942 3459 1335 3513 mutationibus
1351 3501 1364 3524 ,
1417 3477 1555 3528 quas
1599 3459 1658 3513 in
1695 3460 1775 3514 eis
1813 3478 1884 3514 ex
1920 3460 2243 3514 auctoritate
2282 3460 2414 3515 dicti
2462 3459 2813 3530 Imperatoris
2862 3460 3085 3522 fecerat,

420 3538 739 3592 observavit
797 3538 918 3606 (cfr.
970 3538 1114 3593 infra
1170 3539 1398 3610 append.
1457 3557 1574 3610 cap.
1617 3541 1662 3593 1.
1718 3543 1818 3593 art.
1859 3542 1907 3594 3.
1961 3540 1994 3607 ξ
2036 3542 2118 3594 15.
2161 3540 2269 3608 17.)
2289 3583 2302 3605 ,
2356 3540 2489 3610 quin
2538 3558 2662 3594 eum
2711 3543 2937 3610 propter
2988 3538 3089 3592 hoc

422 3617 712 3686 quisquam
760 3618 1159 3673 falsificationis
1209 3636 1438 3687 arguere
1490 3620 1717 3673 auderet
1765 3620 2049 3674 audeatve.
2123 3620 2433 3674 Mirandum
2481 3620 2651 3688 igitur
2687 3623 2775 3674 est
2788 3662 2801 3684 ,
2855 3637 2969 3688 qua
3005 3635 3087 3672 ra-

418 3696 565 3750 tione
615 3697 778 3768 hujus
822 3699 903 3752 rei
952 3716 1119 3753 causa
1172 3699 1557 3769 Raymundum
1604 3699 1885 3770 inculpare
1936 3700 2142 3754 audeat*
2185 3702 2399 3754 Schulte
2449 3699 2573 3768 (Die
2610 3699 2944 3754 Geschichte
2997 3699 3090 3752 der

419 3774 677 3841 Quellen‚
727 3781 857 3832 tom.
894 3779 963 3832 H.
1002 3798 1053 3848 p.
1096 3778 1204 3847 14.)
1226 3821 1239 3844 ,
1290 3778 1454 3849 idque
1506 3797 1569 3833 eo
1619 3780 1798 3846 magis
1847 3780 2152 3833 mirandum
2204 3782 2316 3844 est,
2369 3798 2538 3849 quum
2586 3779 2677 3833 hic
2725 3783 2920 3834 auctor
2972 3779 3089 3849 ipse

424 3854 647 3924 (ibidem
682 3875 734 3927 p.
773 3859 858 3913 20.
895 3861 1006 3913 not.
1049 3859 1156 3927 14.)
1198 3860 1381 3929 palam
1417 3862 1709 3927 agnoscat,
1760 3859 1931 3914 fuisse
1962 3859 2289 3931 jampridem
2326 3862 2659 3924 consuetum,
2700 3859 3090 3931 inscriptiones

419 3934 660 4005 capitum
695 3937 946 4003 retinere,
985 3938 1198 3993 dicens:
1243 3938 1373 4004 „Die
1398 3939 1798 4007 Beibehaltung
1823 3940 1917 3993 der
1942 3939 2446 4011 Superscriptionen
2468 3940 2568 3994 hat
2604 3938 3093 4008 augenscheinlich

420 4032 525 4068 nur
549 4014 607 4067 in
632 4015 755 4069 dem
772 4017 1140 4071 Herkommen
1162 4018 1320 4071 ihren
1345 4018 1580 4073 Grund.“
1625 4019 1736 4073 cfr.
1766 4021 2012 4089 Phillips,
2037 4019 2447 4084 Kirchenrecht,
2473 4024 2601 4074 tom.
2628 4020 2723 4075 IV.
2743 4038 2797 4090 p.
2818 4021 2948 4075 284.
2970 4036 3091 4088 sqq.

597 4095 621 4131 4
658 4095 766 4150 cfr.
806 4114 970 4167 supra
1006 4115 1057 4167 p.
1100 4098 1236 4162 110„
1278 4098 1414 4163 115„
1456 4098 1573 4153 121.
1613 4101 1670 4153 et
1710 4099 1827 4153 125.

602 4178 623 4211 ⁵
659 4176 779 4231 Hac
827 4177 1036 4231 ratione
1072 4196 1126 4231 v.
1165 4194 1219 4245 g.
1259 4178 1442 4248 Comp.
1480 4179 1521 4232 I.
1562 4196 1607 4233 c.
1646 4181 1790 4232 Eam
1838 4187 1886 4232 te
1935 4181 2089 4233 decet.
2128 4180 2178 4233 5.
2218 4180 2285 4233 (16
2335 4182 2501 4234 aetat.
2541 4182 2598 4234 et
2634 4180 2825 4249 qualit.
2865 4183 2930 4234 et
2977 4180 3092 4234 ord.

418 4255 632 4325 praefic.
671 4256 712 4310 Ι.
751 4257 802 4312 8.
840 4257 896 4310 in
934 4257 1070 4310 duas
1106 4261 1291 4327 partes
1329 4258 1532 4323 divisit,
1571 4276 1802 4328 quarum
1838 4258 2100 4328 priorem:
2137 4261 2280 4313 Eam
2315 4267 2364 4313 te
2399 4262 2555 4329 decet,
2594 4263 2715 4325 etc„
2753 4260 2813 4314 in
2849 4277 2899 4314 c.
2927 4261 2984 4314 4.
3024 4259 3091 4313 X.

419 4336 534 4389 eod.
573 4336 615 4389 I.
657 4337 758 4401 14.,
797 4339 853 4390 et
888 4336 1120 4391 alteram
1156 4337 1212 4390 in
1250 4356 1294 4391 c.
1322 4338 1408 4392 22.
1447 4338 1513 4392 Χ.
1552 4339 1618 4392 de
1649 4338 1776 4409 jure
1812 4341 2021 4408 patron.
2048 4338 2142 4392 ΠΙ.
2171 4339 2256 4394 38.
2295 4340 2492 4409 posuit,
2531 4357 2725 4394 verum
2763 4339 2940 4394 etiam
2966 4340 3096 4394 huic

416 4414 584 4483 'capiti
620 4433 770 4471 voc.:
808 4419 949 4470 Eam
987 4424 1035 4469 te
1066 4419 1222 4486 decet,
1259 4418 1556 4487 praemisit.
1607 4419 1748 4472 Item
1775 4417 1957 4488 Comp.
1985 4419 2079 4472 III.
2108 4436 2151 4472 c.
2182 4421 2481 4473 Pastor-alis
2506 4422 2678 4487 officii
2701 4422 3014 4489 diliyentia.
3042 4421 3092 4479 3.

419 4493 485 4547 de
523 4499 731 4566 except.
770 4497 838 4549 II.
882 4497 964 4550 16.
1003 4496 1059 4549 in
1097 4497 1235 4550 duas
1270 4499 1455 4566 partes
1492 4497 1760 4562 distinxit,
1799 4500 1964 4566 atque
1999 4498 2232 4568 priorem
2271 4518 2458 4553 earum
2493 4500 2552 4553 in
2588 4518 2633 4555 c.
2670 4502 2722 4555 4.
2749 4501 2817 4556 X.
2855 4502 2986 4556 eod.
3026 4500 3094 4555 H,

418 4572 523 4637 25.,
563 4577 620 4627 et
656 4575 887 4630 alteram
923 4576 981 4629 in
1017 4593 1062 4630 c.
1105 4577 1188 4630 14.
1227 4576 1293 4630 X.
1333 4576 1400 4629 de
1431 4577 1546 4648 jud.
1585 4578 1654 4631 II.
1698 4578 1773 4642 1.,
1814 4577 2019 4647 pariter
2056 4596 2179 4633 cum
2214 4580 2547 4649 praefixione
2584 4599 2732 4636 voc.:
2783 4583 3099 4636 Pastor-azaz:

427 4651 730 4709 collocavit.

600 4734 622 4769 θ
656 4735 741 4789 Ita
776 4754 831 4790 v.
869 4753 923 4803 g.
961 4735 1094 4790 fecit
1132 4736 1275 4790 circa
1313 4753 1429 4806 cap.
1467 4738 1685 4790 Rursus
1721 4738 1958 4805 quidam.
1995 4738 2044 4791 6.
2078 4737 2146 4791 Χ.
2186 4738 2290 4804 Qui
2328 4739 2455 4793 cler.
2493 4739 2586 4794 vel
2622 4743 2844 4795 vovent.
2887 4741 2992 4796 IV.
3029 4743 3096 4807 6.,

417 4817 696 4883 assumpto
734 4833 764 4869 e
803 4815 988 4886 Comp.
1024 4816 1092 4871 II.
1131 4833 1248 4887 cap.
1289 4817 1338 4871 2.
1379 4816 1495 4871 eod.
1533 4816 1628 4871 IV.
1666 4817 1718 4870 4.
1734 4858 1750 4881 ,
1795 4816 1889 4870 ubi
1927 4817 2149 4871 effatum
2184 4818 2242 4871 in
2277 4818 2371 4873 isso
2409 4820 2589 4890 capite
2625 4820 2862 4874 relatum
2904 4820 3100 4892 Papae
