3355 5328
1459 330 1642 386 sectio
1680 330 1773 384 ιιι.
1826 330 1860 398 g
1899 326 1984 385 97.
2241 314 2244 345 ²
2949 308 3051 383 1¹65

1180 492 1666 648 suerio
1742 506 2260 645 TERTIA.
2455 496 2460 503 ’
2539 620 2542 641 .

440 748 1025 827 Gollemtianes
1039 750 1602 822 decretalium,
1636 755 1828 823 pest
1868 718 2437 821 collectionem
2467 749 2751 821 Panae
2792 748 2983 807 (ire-

458 837 681 909 gorii
704 838 863 907 ΙΧ.
898 855 976 903 a.
1003 839 1207 901 1234
1245 857 1500 911 usque
1540 840 1645 899 ad
1670 839 2257 913 Pontificatum
2295 836 2714 907 Bonifacii
2739 836 2989 901 VIII.

1163 929 1723 1005 (1294-1303)
1764 928 2280 989 adornatae.
2235 932 2253 965 ¹

1284 1092 1288 1099 '
1384 1079 1570 1166 §92
1663 1080 2062 1148 Generatrm.

390 1289 415 1297 -
435 1272 459 1303 ·.
569 1239 878 1311 Collectio
918 1239 1353 1309 decretalium
1398 1239 1620 1323 Papae
1669 1200 1967 1325 Gregorii
2011 1240 2172 1323 IX.,
2234 1239 2360 1307 die
2379 1241 2445 1309 5.
2495 1206 2825 1322 Septemb.
2881 1238 3052 1307 1234

381 1337 756 1423 publicata,
816 1338 992 1407 haud
1051 1338 1161 1404 diu
1220 1337 1600 1420 indigentiis
1658 1337 1788 1403 fori
1847 1336 2275 1407 ecclesiastici
2333 1338 2528 1422 plene
2573 1334 3050 1405 satisfaciebat

383 1436 548 1503 Mox
594 1436 767 1507 enim
811 1457 1024 1503 novae
1072 1437 1437 1504 decretales
1484 1435 1804 1520 epistolae
1852 1438 1920 1502 et
1951 1435 2483 1505 constitutiones
2496 1433 2869 1519 pontificiae
2899 1454 3052 1518 pro-

384 1532 683 1612 dierunt,
743 1538 888 1600 tum
934 1535 1017 1600 ab
1063 1534 1206 1619 ipso
1252 1534 1436 1618 Papa
1484 1535 1791 1619 Greyorio
1837 1534 1958 1601 IX
2010 1530 2094 1615 (†
2113 1536 2217 1599 22.
2267 1533 2548 1615 August
2604 1532 2835 1614 1241),
2887 1536 3052 1609 tum,

383 1635 669 1715 excepto
715 1633 1052 1701 Caelestino
1099 1634 1138 1697 1
1145 1634 1238 1714 V„
1288 1632 1401 1714 qui
1444 1631 1671 1716 paucis
1717 1631 2176 1701 tantummodo
2220 1631 2448 1701 diebus
2487 1629 2816 1712 (25..Oct.
2856 1651 2918 1696 u.
2967 1629 3053 1697 ad

395 1732 496 1799 10.
530 1729 702 1797 Nov.
742 1730 941 1813 1241)
972 1730 1312 1797 Ecclesiae
1355 1729 1644 1813 praefuit
1691 1733 1760 1797 et
1805 1729 2053 1797 nullam
2097 1729 2500 1799 decretalem
2543 1727 2892 1813 epistolam
2935 1731 3053 1795 aut

384 1827 927 1897 constitutionem
990 1828 1210 1897 emisit
1232 1878 1247 1906 ‚
1317 1829 1400 1894 ab
1464 1829 1629 1912 ejus.
1674 1826 2159 1899 successoribus
2183 1877 2198 1906 ,
2263 1827 2375 1909 qui
2407 1846 2646 1910 -usque
2707 1827 2791 1893 ad
2855 1828 3051 1895 Boni—

380 1924 634 2008 facium
681 1926 859 1992 VIII.
919 1923 1052 2006 (24.
1093 1927 1251 1995 Dec.
1307 1928 1685 1993 1294--1L
1736 1926 1881 1992 Oct.
1937 1925 2135 2008 1303)
2200 1925 2538 1993 Ecclesiae
2593 1924 3050 2009 praefuerunt,

388 2022 775 2090 nominatim
821 2024 905 2088 ab
937 2024 1301 2091 Innocentio
1331 2025 1451 2091 IV.
1500 2022 2022 2113 (1243--1254),
2069 2025 2448 2091 Alexandro
2471 2024 2595 2089 IV.
2638 2020 2935 2103 (1254-u.
2970 2021 3054 2089 ad

394 2121 631 2204 1261),
696 2121 952 2187 Urbano
996 2124 1117 2188 IV.
1168 2121 1706 2205 (1261-1264),
1777 2122 2083 2191 Clemente
2127 2122 2245 2187 IV.
2291 2119 2826 2205 (1265--1268),
2893 2121 3052 2187 Gre-

379 2221 563 2304 ,qorio
609 2219 697 2285 X.
747 2215 1265 2303 (1271—1276),
1315 2221 1677 2286 Innocentio
1723 2221 1793 2287 V.
1843 2216 1977 2299 (21.
2025 2219 2377 2285 san—22.
2421 2219 2577 2287 Jun.
2631 2218 2863 2302 1276),
2911 2219 3050 2283 Ha-

388 2318 626 2382 driano
658 2318 728 2383 V.
763 2314 897 2398 (11.
931 2317 1262 2384 Jul.—-18.
1297 2318 1467 2399 Aug.
1509 2318 1728 2401 1276),
1777 2318 2031 2383 Joanne
2060 2317 2216 2384 XX.
2248 2314 2272 2355 ²
2318 2314 2409 2397 (8.
2439 2316 2621 2401 Sept.
2663 2318 2832 2382 1276
2870 2337 2933 2382 u.
2968 2316 3053 2381 ad

386 2416 497 2480 20.
531 2413 691 2498 Maji
728 2414 946 2497 1277),
994 2415 1256 2482 Nicolao
1288 2417 1417 2482 III.
1451 2413 1971 2499 (1277-1280),
2012 2416 2300 2481 Martino
2332 2416 2449 2481 IV.
2484 2412 2984 2496 (1281—1285)
3004 2413 3050 2496 ³,-

386 2513 678 2578 Honorio
723 2513 841 2578 IV.
890 2510 1413 2598 (1285—1287),
1468 2514 1731 2580 Nicolao
1778 2514 1897 2579 IV.
1947 2509 2447 2595 (1288—1292)
2495 2516 2565 2579 et
2599 2513 2936 2581 Coelestino
2979 2512 3048 2577 V.

386 2607 482 2692 (5.
532 2610 867 2678 Ju1.--13.
916 2611 1072 2678 Dec.
1127 2611 1346 2695 1294).

567 2708 748 2785 Quae
796 2709 1163 2777 decretales
1209 2715 1279 2776 et
1325 2708 1829 2779 constitutiones
1883 2673 2293 2793 pontificiae,
2355 2708 2509 2791 quia
2554 2709 2623 2774 in
2668 2708 3052 2775 collectione

387 2807 799 2893 Greqoriana
843 2828 975 2873 non
1006 2809 1741 2893 comprehendebantur,
1789 2808 1906 2873 sed
1938 2812 2134 2875 extra
2174 2829 2323 2874 eam
2353 2808 2787 2890 vagabantur,
2837 2806 3052 2874 dictae

385 2908 547 2970 sunt
596 2914 1093 2991 extravaqantea
2712 2941 2715 2944 ¹

392 3043 397 3070 ;
440 3075 443 3078 ,
570 3002 746 3079 Quas
775 3006 916 3069 tum
942 3004 1235 3070 nonnulli
1261 3004 1671 3070 Summorum
1695 3004 2104 3082 Pontificum,
2139 3003 2235 3071 uti
2268 2973 2448 3071 certo
2474 3005 2878 3070 Innocentius
2909 3003 3050 3086 IV„

387 3101 742 3186 Greqorius
786 3101 873 3168 X.
922 3104 993 3168 et
1037 3103 1343 3168 Nicotaus
1389 3104 1552 3187 ΙΙΙ.,
1616 3106 1685 3170 et
1730 3101 2193 3176 verosimiliter
2242 3101 2444 3168 etiam
2489 3103 2862 3168 Alexander
2908 3102 2954 3166 I
2956 3102 3050 3184 V

384 3199 690 3264 Urbanus
736 3200 853 3265 IV.
903 3204 972 3265 et
1021 3201 1301 3267 Clemens
1347 3203 1466 3267 IV.
1495 3204 1540 3284 4,
1601 3204 1745 3266 tum
1790 3201 2012 3283 plures
2058 3200 2259 3266 etiam
2305 3200 2599 3275 virorum
2649 3198 3052 3265 eruditorum

572 3348 590 3381 ¹
632 3349 875 3418 Haillips,
905 3348 1313 3414 Kirchenrecht‚
1340 3354 1468 3404 tom.
1490 3349 1581 3404 IV.
1602 3367 1654 3420 p.
1676 3350 1797 3404 345.
1802 3350 2025 3413 —354.;
2066 3350 2294 3417 Schulte,
2319 3348 2421 3402 Die
2439 3346 2763 3401 Decretalen
2781 3344 3053 3399 zwischen

385 3427 497 3484 den
541 3428 886 3492 „Decretales
923 3427 1171 3498 Gregorii
1196 3430 1321 3484 IXJ‘
1364 3431 1475 3484 und
1520 3429 1711 3495 „Liber
1736 3429 1831 3485 VI.
1857 3428 2124 3483 Bonifacii
2147 3429 2326 3483 vm*
2376 3427 2561 3496 (quem
2595 3428 2894 3481 tractatum
2930 3424 3051 3480 heic

392 3507 685 3563 brevitatis
737 3526 904 3563 causa
939 3528 1088 3564 voc..
1147 3509 1276 3575 „Die
1310 3510 1666 3568 Decretalen“
1724 3509 2072 3577 citabimus),
2123 3508 2180 3563 in
2217 3507 2334 3562 citt.
2374 3507 2556 3561 relatt.
2595 3523 2730 3559 sess.
2768 3510 2897 3559 tom.
2936 3504 3049 3559 LV.

387 3606 444 3680 p.
485 3589 583 3643 701
593 3589 832 3653 -.7.97,
886 3591 1061 3659 Idm,
1112 3576 1369 3657 Beitr'age
1419 3609 1515 3643 zur
1551 3589 1827 3643 Literatur
1862 3589 1997 3643 iiber
2035 3588 2121 3642 die
2157 3587 2482 3642 Decretalen
2520 3585 2758 3653 Gregors
2795 3585 2888 3639 IX.
2927 3589 3050 3650 etc„

389 3667 450 3722 in
489 3668 608 3723 citt.
647 3669 828 3723 relatt.
868 3686 1003 3723 sess,
1042 3672 1172 3723 tom.
1211 3669 1457 3725 LXVIII.
1495 3688 1546 3740 p.
1587 3671 1671 3723 55.
1674 3670 1882 3734 -127;
1936 3671 2112 3738 Idem,
2162 3667 2263 3723 Die
2302 3666 2629 3726 Geschichte
2675 3667 2770 3720 der
2808 3665 3051 3731 Quellen,

384 3752 520 3803 tom.
560 3748 628 3802 II.
667 3767 718 3819 p.
759 3749 845 3802 29.
849 3749 1008 3803 ——34.

573 3829 594 3863 ²
629 3827 784 3883 Alias
809 3828 972 3895 XXI„
1010 3847 1150 3898 quae
1189 3829 1492 3884 differentia
1516 3830 1642 3883 inde
1667 3827 1838 3893 venit,
1877 3829 2020 3899 quod
2044 3828 2291 3882 nonnulli
2326 3826 2573 3881 historici
2596 3826 2768 3891 illum,
2808 3826 2902 3896 qui
2926 3830 3053 3897 post

388 3910 622 3963 mortem
656 3908 841 3979 Papae
879 3911 1115 3963 Joanm's
1150 3912 1305 3964 XIV.
1349 3909 1404 3978 (†
1430 3910 1515 3965 20.
1544 3910 1777 3978 August.
1816 3909 1945 3977 984)
1988 3908 2320 3963 substitutus
2356 3907 2464 3961 fuit
2495 3910 2758 3976 tanquam
2796 3907 3050 3961 Summus

392 3989 650 4043 Pontifex
665 4030 678 4053 ,
715 3988 929 4043 nomine
967 3993 1203 4044 Joannis
1239 3993 1361 4044 XV.
1378 4030 1394 4059 ,
1434 3993 1491 4044 et
1525 3994 1650 4059 post
1685 4007 1902 4043 menses
1940 3991 2197 4058 quattuor
2233 3987 2395 4053 obiit,
2445 3988 2589 4041 inter
2626 3988 2875 4042 Summos
2912 3988 3049 4041 Pon-

384 4068 568 4123 tifices
604 4072 914 4133 numerant,
953 4069 1049 4123 alii
1085 4074 1269 4125 autem
1286 4112 1298 4134 ,
1346 4073 1402 4124 et
1436 4073 1586 4123 recte
1624 4069 1845 4138 quidem
1881 4068 2001 4123 ideo
2018 4112 2031 4134 ‚
2081 4069 2224 4137 quod
2259 4085 2368 4121 non
2402 4066 2649 4136 legitime
2684 4068 2893 4122 electus
2929 4067 3050 4132 fuit,

390 4148 610 4203 omnino
637 4148 924 4213 omittunt;
962 4148 1020 4202 hi
1058 4150 1386 4219 posteriores
1422 4150 1593 4217 igitur
1618 4153 1887 4203 Joannem
1911 4151 2038 4203 XX.
2065 4149 2267 4213 dicunt,
2306 4166 2466 4218 quem
2493 4148 2574 4201 illi
2600 4148 3048 4203 Joannem-XXI.

390 4228 689 4282 nominant.
765 4228 875 4283 Ofr.
930 4231 1329 4297 Herqenrother
1346 4271 1362 4299 ,
1417 4229 1724 4284 Handbuch
1775 4231 1871 4284 der
1921 4229 2139 4297 allgem.
2191 4227 2747 4296 Kirchengeschichte
2768 4270 2781 4292 ,
2820 4227 2900 4281 ed.
2955 4228 3049 4281 III.

388 4307 641 4376 Friburg.
681 4308 932 4376 Brisgov.
974 4309 1342 4374 1884—1886,
1379 4313 1509 4364 tom.
1549 4310 1616 4363 ΙΙ.
1655 4327 1707 4379 p.
1747 4309 1833 4364 38.
1871 4312 1982 4363 not.
2020 4310 2070 4363 3.

394 4423 399 4428 -
574 4390 594 4423 ³
631 4387 804 4454 Quem
839 4392 1101 4458 tanquam
1126 4392 1430 4444 Martinam
1456 4392 1554 4443 IV.
1590 4388 1675 4443 illi
1698 4391 2002 4453 numerant,
2041 4388 2135 4457 qui
2159 4392 2283 4459 post
2309 4390 2611 4442 Martinam
2639 4390 2682 4441 Ι.
2714 4385 3043 4456 (649-655)

385 4486 532 4533 eum,
569 4467 664 4537 qui
687 4468 825 4523 alias
853 4471 1110 4523 Marinus
1132 4469 1178 4524 I.
1212 4468 1541 4538 (882—884)
1575 4468 1789 4534 dicitur,
1822 4468 2105 4523 nominant
2132 4470 2438 4522 Martinum
2464 4471 2557 4536 II.,
2584 4471 2641 4522 et
2668 4469 2953 4521 Marinum
2973 4470 3047 4521 ΙΙ.

391 4547 728 4617 (943—946)
771 4547 959 4602 dicunt
994 4550 1299 4602 Martinam
1337 4551 1442 4602 III.
1515 4548 1627 4602 Alii
1664 4549 1810 4603 hunc
1823 4591 1836 4614 ,
1888 4565 2049 4618 quem
2086 4548 2404 4619 scripsimus
2443 4549 2749 4601 Mar-tinum
2785 4550 2876 4601 IV
2872 4588 2913 4610 .,
2950 4563 3048 4600 nu·

387 4630 607 4682 merant
656 4630 963 4682 Martinam
1008 4630 1083 4681 II.
1172 4629 1283 4683 cfr.
1336 4630 1737 4697 Heraenrbther
1785 4628 1822 4683 l.
1868 4645 1915 4682 0.
1966 4631 2095 4683 tom.
2144 4628 2210 4682 II.
2256 4645 2307 4698 p.
2359 4628 2514 4683 1062.
2559 4644 2642 4696 sq.
2689 4630 2747 4681 et
2791 4646 2842 4698 p.
2892 4627 3047 4681 1126.

387 4708 492 4764 col.
532 4709 612 4773 2.;
655 4709 908 4778 Potthaet,
945 4709 1185 4775 Regesta
1221 4709 1436 4763 Pontiff.
1476 4709 1704 4773 Romm.,
1739 4709 1849 4763 vol.
1887 4709 1954 4762 II.
1993 4727 2044 4779 p.
2086 4709 2240 4763 1756.
2277 4708 2336 4761 in
2370 4711 2480 4762 not.
2520 4708 2564 4763 *.

572 4789 597 4823 4
635 4790 876 4857 Schulte,
926 4788 1028 4843 Die
1064 4788 1416 4853 Decretalen,
1459 4788 1496 4843 l.
1536 4806 1580 4843 0.
1620 4807 1671 4859 p.
1712 4788 1833 4844 703.
1871 4805 2022 4858 sqq.,
2060 4806 2111 4859 p.
2151 4788 2271 4842 713.
2309 4787 2368 4841 in
2402 4791 2512 4843 not.
2550 4789 2669 4852 42„
2712 4805 2764 4858 p.
2806 4789 2924 4842 714.
2963 4805 3046 4857 sq.
