3355 5328
359 294 464 358 ,168
1155 296 1294 351 Pars
1330 296 1399 351 II.
1450 295 1814 353 collectiones
1851 296 2219 353 decretalium.

355 455 766 540 privatorum
811 456 881 522 in
926 454 1345 522 collectiones
1363 506 1377 535 ‚
1426 455 1639 539 magis
1684 456 1983 521 minusve
2031 456 2283 540 amplas
2301 506 2316 535 ,
2364 456 2782 540 redegerunt.
2876 456 3022 534 Qua

355 553 612 620 ratione
658 575 814 619 mox
857 554 1079 638 plures
1137 553 1398 623 illarum
1445 553 2030 637 extravagantium
2089 553 2509 621 collectiones
2526 604 2542 634 ,
2603 555 2903 640 publicae
2951 559 3024 622 et

356 651 678 735 privatae,
727 656 915 719 ortae
962 657 1134 718 sunt.

535 749 627 816 Et
662 746 954 816 nonnulli
988 749 1235 814 Summi
1266 749 1637 828 Pontifices,
1685 750 1785 815 uti
1815 748 2202 816 nominatim
2235 751 2640 816 Innocentius
2670 751 2779 816 IV
2774 804 2787 816 .
2791 803 2812 835 ,
2863 751 3026 817 Gre-

352 848 575 933 9oriue
603 847 689 915 X.
740 851 810 915 et
839 849 1147 914 Nicolaus
1192 848 1319 914 III.
1352 845 1395 932 ¹,
1442 849 1636 932 plane
1683 850 2180 933 praeceperunt,
2228 851 2304 915 ut
2352 847 2718 915 decretales
2765 851 2833 914 et
2865 869 3025 914 con-—

359 944 738 1012 stitutiones
759 996 774 1025 ,
843 945 1134 1030 ipsorum
1199 945 1689 1012 collectionibus
1749 945 2256 1029 comprehensae
2279 996 2295 1025 ‚
2358 946 2726 1013 collectioni
2789 948 3027 1032 Greyo-

358 1045 590 1109 m'anae
631 1043 700 1108 in
746 1043 977 1122 titulis,
1027 1043 1110 1110 ad
1159 1042 1685 1127 unamquamque
1731 1064 1958 1108 earum
2002 1043 2328 1123 indicatiS,
2376 1043 2843 1110 insererentur.
2931 1045 3028 1111 Et

356 1140 510 1206 illae
543 1141 823 1224 quidem,
874 1162 1042 1225 quae
1073 1141 1142 1205 in
1178 1140 1669 1208 collectionibus
1700 1141 1922 1225 Papae
1954 1142 2310 1207 Innocentii
2340 1143 2460 1208 IV.
2496 1142 3027 1221 continebantur,

357 1238 724 1306 decretales
771 1243 842 1307 et
888 1238 1391 1305 constitutiones
1436 1238 1812 1324 pontificiae
1825 1288 1840 1317 ,
1902 1238 1970 1304 in
2015 1239 2310 1323 pluribus
2357 1240 2841 1324 exemplaribus
2888 1241 3028 1306 col-

354 1337 620 1404 lectioni
654 1337 1099 1420 Gregorianae
1138 1357 1373 1421 reapse
1418 1336 1710 1403 insertae
1742 1340 1915 1414 sunt,
1964 1336 2062 1402 uti
2101 1358 2233 1402 non
2279 1337 2490 1403 solum
2536 1337 2727 1404 multi
2759 1338 3025 1403 codices

354 1457 511 1503 mss.
559 1436 752 1519 hujus
799 1434 1220 1513 collectionis,
1269 1434 1386 1500 sed
1431 1434 1633 1501 etiam
1682 1439 2042 1519 apparatus
2089 1435 2490 1518 exegeticus,
2539 1456 2580 1501 a
2611 1436 2794 1520 Papa
2829 1437 3028 1501 Inno-

357 1536 554 1600 centio
600 1533 717 1599 IV.
767 1533 851 1598 ad
897 1533 1171 1598 eandem
1232 1532 1684 1599 collectionem
1732 1532 2209 1614 Gregorianam
2269 1534 2631 1600 adornatus
2655 1533 2701 1613 ²,
2763 1533 2831 1598 in
2893 1554 3027 1616 quo

356 1631 700 1715 praefatae
765 1631 1128 1698 decretales
1193 1633 1261 1697 et
1330 1630 1835 1697 constitutiones
1902 1630 2108 1714 ipsius
2174 1630 2244 1695 in
2310 1632 2440 1697 fine
2509 1631 3026 1715 competentium

357 1728 701 1795 titulorum
747 1728 1147 1795 collectionis
1180 1728 1627 1811 Gregorianae
1665 1728 1964 1793 adnexae
2011 1728 2424 1795 adducuntur
2470 1733 2539 1796 et
2584 1734 3029 1814 exponuntur,

358 1826 711 1893 manifeste
766 1827 1220 1893 demonstrant
1246 1825 1290 1893 ³.
1384 1826 1537 1892 Non
1595 1826 1663 1891 in
1724 1826 2014 1892 omnibns
2073 1827 2559 1912 exemplaribus
2620 1827 3030 1893 collectionis

363 1924 826 2008 Gregorianae,
861 1930 929 1992 et
959 1924 1349 2009 praesertim
1386 1924 1453 1990 in
1485 1924 1817 2007 glossatis,
1865 1924 1987 1990 has
2020 1925 2385 1992 decretales
2419 1929 2488 1991 et
2520 1925 3033 1992 constitutiones

357 2024 725 2107 pontificias
783 2022 1182 2108 posteriores
1205 2073 1219 2101 ‚
1286 2027 1356 2089 et
1415 2022 1675 2105 quidem
1736 2043 1859 2088 nec
1922 2022 2124 2088 solius
2184 2023 2406 2108 Papae
2465 2024 2830 2090 Innocentii
2884 2023 3029 2101 IV„

360 2121 576 2187 dictae
636 2120 1003 2197 collectioni
1052 2120 1497 2204 Gregorianae
1557 2119 1759 2186 inseri
1818 2119 2148 2206 potuisse,
2212 2120 2518 2186 nimirum
2577 2124 2851 2206 propter
2912 2120 3032 2186 de—

359 2220 607 2286 fectum
654 2219 925 2303 congrui
971 2219 1169 2304 spatii
1187 2269 1202 2298 ,
1260 2219 1455 2285 facile
1500 2218 1911 2301 intelligitur.
2005 2219 2097 2285 Et
2140 2219 2292 2284 hinc
2338 2220 2599 2304 saepius
2647 2220 2863 2287 dictae
2912 2219 3032 2284 de-
3117 2263 3137 2277 ›

361 2318 644 2385 cretales
690 2321 760 2385 et
806 2317 1308 2384 constitutiones
1354 2317 1648 2396 seorsim,
1699 2316 1841 2382 sive
1881 2322 2199 2399 tanquam
2246 2317 2576 2400 appendix
2622 2316 3034 2384 collectionis

364 2416 826 2499 Gregorianae‚
876 2416 1017 2481 sive
1062 2419 1378 2498 tanquam
1424 2414 1774 2499 peculiaris
1821 2414 2142 2493 collecti0‚
2192 2420 2560 2482 occurrunt.

377 2506 381 2510 ’
539 2514 781 2580 Utrum
812 2514 1177 2580 decretales
1216 2516 1285 2580 et
1316 2513 1836 2592 constitutiones,
1887 2512 2377 2580 collectionibus
2410 2513 2822 2579 Summorum
2853 2513 3036 2578 Pon—

363 2612 612 2681 tificum
660 2614 957 2699 Greyorii
1002 2612 1089 2679 X.
1141 2615 1209 2678 et
1254 2612 1508 2678 Nicolai
1554 2612 1683 2678 ΙΙΙ.
1748 2611 2292 2696 comprehensae,
2356 2611 2725 2679 collectioni
2772 2611 3036 2695 Grego—

358 2711 587 2778 rianae
632 2710 921 2777 insertae
968 2710 1247 2789 fuerint,
1317 2732 1449 2775 non
1496 2712 1792 2787 constat3
1864 2709 2063 2775 immo
2108 2709 2485 2775 verosimile
2530 2713 2672 2790 est,
2739 2731 2855 2777 eas
2874 2759 2889 2788 ,
2960 2715 3035 2778 et

362 2809 623 2893 quidem
668 2813 940 2893 propter
985 2829 1251 2875 causam
1281 2807 1710 2892 praedictam,
1758 2808 2069 2874 videlicet
2114 2813 2385 2893 propter
2431 2808 2760 2875 defectum
2806 2807 3033 2892 spatii,

362 2908 649 2974 insertas
695 2928 826 2973 non
871 2906 1075 2973 fuisse
1101 2905 1147 2974 ⁴.

542 3004 828 3081 Quarum
886 3004 1341 3071 collectionum
1359 3053 1373 3082 ,
1436 3003 1577 3069 sive
1623 3024 1664 3069 a
1713 3003 1996 3069 Summis
2055 3002 2478 3070 Pontificibus
2495 3053 2510 3082 ,
2573 3003 2714 3070 sive
2771 3025 2813 3069 a
2866 3003 3035 3069 viris

364 3103 638 3170 eruditis
695 3101 975 3187 privatis
1035 3102 1538 3181 adornatarum,
1598 3093 1951 3167 nonnullae
2009 3101 2078 3165 in
2137 3101 2560 3184 sequentibus
2618 3101 2688 3166 in
2740 3101 3033 3167 medium

364 3202 774 3269 adducentur
797 3202 842 3268 ⁵.

366 3409 407 3497 ξ
440 3408 541 3478 98.
614 3410 1041 3479 collectiones
1090 3409 1525 3478 decretalium
1573 3409 1641 3475 et
1690 3408 2229 3477 constitutionum
2260 3409 2481 3496 Papae
2512 3408 2885 3477 Innocentii
2915 3409 3034 3476 IV.

1237 3517 1304 3585 et
1352 3515 1643 3603 quidem:
1706 3516 1783 3583 A.
1829 3515 2155 3603 publicae.

370 3703 373 3706 “
543 3677 594 3743 Ι.
645 3675 975 3756 Collectio,
1025 3676 1130 3742 die
1179 3679 1284 3743 21.
1318 3676 1565 3761 Aprilis
1602 3678 1771 3741 1246
1819 3675 2171 3760 publicata.
2242 3674 2570 3741 Nimirum
2605 3676 2789 3759 Papa
2837 3677 3035 3742 Inno-

366 3778 606 3842 centius
651 3774 768 3841 IV.
816 3772 951 3855 (25.
998 3774 1149 3842 Jun.
1205 3777 1530 3842 1243—-7,
1580 3776 1737 3840 Dec.
1792 3773 2029 3857 1254),
2094 3795 2290 3858 quum
2336 3773 2639 3855 Lugduni
2697 3773 2766 3838 in
2814 3773 3037 3841 Gallia

368 3875 759 3950 moraretur,
806 3872 1107 3939 absoluto
1155 3873 1439 3939 Concilio
1485 3871 1782 3955 generali
1825 3871 2248 3954 Lugdunensi
2292 3872 2366 3951 I.,
2413 3870 2657 3937 ibidem
2704 3873 2810 3937 26.
2850 3871 2894 3939 J
2895 3871 3036 3939 unii

367 4051 426 4103 et
468 4065 520 4119 p.
562 4047 716 4111 758.;
772 4049 919 4101 Idem
936 4088 954 4117 ,
1007 4046 1296 4101 Lehrbuch
1351 4046 1447 4100 des
1501 4044 1885 4100 katholischen
1938 4045 2050 4099 und
2105 4044 2529 4112 evangelischen
2583 4044 3036 4110 Kirchenrechts,

367 4129 451 4184 ed.
487 4127 584 4183 IV.
660 4127 885 4183 Giessae
925 4128 1079 4197 1886,
1115 4146 1167 4197 p.
1207 4128 1291 4181 26.
1331 4144 1414 4195 sq.

549 4210 568 4244 ¹
609 4209 837 4278 Schulte,
875 4207 976 4263 Die
1011 4207 1350 4271 Decretalen,
1388 4207 1446 4260 in
1480 4205 1597 4260 citt.
1635 4205 1817 4260 relatt.
1856 4222 1992 4259 sess.
2029 4224 2081 4275 p.
2122 4206 2241 4259 705.
2281 4209 2338 4259 et
2374 4205 2496 4260 718.

548 4291 569 4326 ²
606 4289 940 4343 Memoratus
976 4305 1141 4358 supra
1177 4305 1228 4359 p.
1270 4289 1389 4342 161.
1572 4288 1593 4321 ³
1632 4287 1847 4340 Schulte
1882 4286 1917 4339 1.
1957 4303 2003 4340 c.
2042 4304 2093 4355 p.
2135 4286 2255 4340 759.
2294 4302 2376 4353 sq.

545 4372 570 4406 ⁴
607 4371 822 4425 Schulte
843 4368 881 4425 1.
908 4387 955 4423 c.
974 4387 1026 4439 p.
1053 4369 1174 4423 711.
1201 4371 1259 4422 et
1283 4368 1403 4422 722.
1431 4384 1543 4435 sq.;
1582 4368 1747 4436 Idem,
1784 4366 1885 4420 Die
1919 4365 2249 4421 Geschichte
2287 4366 2381 4420 der
2406 4364 2650 4431 Quellen,
2687 4368 2817 4420 tom.
2846 4366 2915 4419 H.
2944 4365 3033 4420 32.

549 4451 571 4486 ὃ
605 4449 651 4504 Ε
677 4449 938 4520 praefato,
973 4466 1136 4518 quem
1163 4449 1377 4503 Schulte
1399 4446 1703 4511 adomavit‚
1735 4449 2007 4501 tractatu:
2043 4446 2144 4501 Die
2175 4445 2516 4510 Decretalen,
2546 4445 2583 4500 l.
2606 4464 2652 4500 c.
2674 4464 2724 4516 p.
2749 4446 2869 4501 705.
2891 4463 3036 4515 sqq„

366 4529 425 4585 in
462 4548 566 4599 quo
605 4533 793 4584 auctor
829 4530 1014 4600 plures
1048 4528 1266 4583 illarum
1304 4527 1655 4583 decretalium
1693 4531 1751 4582 et
1787 4526 2234 4582 constitutionum
2266 4525 2665 4596 pontificiarum
2698 4526 3034 4581 verbotenus

368 4610 606 4674 adducit,
644 4628 802 4681 porro
839 4609 1091 4678 egregias
1127 4612 1286 4664 notas
1323 4607 1735 4675 chronologicas
1767 4611 1825 4661 et
1858 4606 2080 4662 criticas
2117 4606 2342 4677 apponit
2375 4606 2705 4676 insuperque
2740 4609 3034 4670 monstrat,

369 4694 639 4760 quatenus
694 4690 879 4759 aliqua
931 4690 1153 4745 illarum
1214 4687 1565 4743 decretalium
1626 4691 1685 4742 et
1740 4687 2187 4743 constitutionum
2243 4686 2642 4757 pontificiarum
2694 4686 2754 4741 in
2806 4686 3034 4746 Librum

369 4771 599 4826 Sextum
634 4770 817 4841 Papae
852 4770 1120 4826 Bonifacii
1156 4770 1304 4824 VIII.
1342 4771 1565 4838 recepta
1600 4767 1785 4823 fuerit.
