3355 5328
350 307 456 362 226
1188 310 1325 363 Pars
1363 310 1456 364 III.
1510 311 1720 381 Corpus
1752 310 1894 381 juris
1930 310 2190 365 canonici.

349 467 739 533 editionibus
758 519 772 547 ,
835 490 1002 551 quae
1064 470 1275 535 solum
1335 492 1560 537 earum
1620 475 1884 537 textum
1945 473 2177 558 absque
2217 475 2429 557 qlossa
2487 470 2887 536 exhibebant
2943 473 3015 535 et

346 565 496 630 hinc
542 566 736 631 facile
782 590 927 651 um,
979 572 1160 634 certe
1209 571 1452 634 duobus
1497 569 1696 635 tomis
1742 570 1809 634 in
1857 572 1932 634 40
1981 569 2440 654 comprehendi
2485 572 2814 654 poterant.

927 775 966 861 ξ
1014 775 1148 844 156.
1244 778 1487 865 Corpus
1530 779 1707 866 juris
1758 778 2055 846 canonici
2105 777 2418 845 clausum.

524 946 933 1013 Dictionibus
1002 969 1202 1031 supra
1260 948 1676 1014 memoratis:
1750 952 2202 1014 reservationes
2269 947 2732 1014 beneficiorum
2800 946 3013 1012 eccle-

345 1044 759 1111 siasticorum
821 1045 888 1109 in
948 1046 1233 1129 Corpore
1286 1046 1453 1129 juris
1514 1050 1796 1131 clausae,
1860 1050 1961 1112 et:
2025 1048 2324 1131 beneficia
2384 1046 2451 1118 in
2510 1046 2793 1129 Corpore
2841 1044 3014 1127 juris

344 1146 583 1227 clausa,
648 1147 748 1209 et:
812 1145 1324 1229 Ext·ra·va9antes
1383 1145 1451 1209 in
1498 1145 1782 1229 Corpore
1822 1145 1990 1229 juris
2036 1169 2164 1210 non
2212 1148 2494 1227 clausae,
2557 1142 2849 1208 nonnulli
2897 1164 3011 1207 ca-

343 1241 643 1307 nonistae
709 1244 1221 1308 efformaverunt
1287 1242 1672 1308 dictionem:
1743 1245 1987 1329 Corpus
2038 1246 2219 1329 juris
2285 1241 2633 1324 (canonici)
2700 1244 3009 1325 clausum,

343 1361 551 1421 eaque
597 1343 864 1424 praeter
908 1341 1261 1406 Decretum
1310 1341 1609 1407 Gratiani
1667 1341 2124 1408 tantummodo
2185 1340 2524 1425 praefatas
2587 1338 3011 1404 collectiones

335 1438 502 1521 juris
536 1436 827 1502 canonici
858 1437 1170 1521 publicaS‚
1203 1438 1545 1504 videlicet:
1577 1441 1940 1505 Decretales
1974 1441 2269 1524 Greqorii
2300 1440 2523 1523 Papae
2553 1437 2699 1521 IX„
2732 1438 3012 1502 Librum

343 1537 603 1600 Sextum
649 1537 872 1620 Papae
916 1537 1248 1619 Bonifacii
1293 1539 1473 1603 VIII.
1526 1541 1593 1603 et
1641 1539 2092 1621 ClementinaS,
2153 1538 2467 1602 ambabus
2515 1534 3010 1602 collectionibus

340 1633 947 1714 Extravagantium
980 1634 1239 1699 omnino
1279 1636 1581 1713 exclusiS,
1632 1635 2283 1719 comprehenderunt,
2335 1638 2402 1700 et
2441 1635 2622 1700 illam
2656 1633 3010 1699 dictionem

341 1731 535 1814 plane
584 1731 866 1796 Concilio
913 1731 1276 1796 Basileensi
1322 1732 1391 1797 in
1437 1734 1726 1816 acceptis
1772 1734 2186 1798 referendam
2233 1735 2636 1817 putaverunt
2665 1729 2707 1798 ¹.

526 1836 993 1903 Verumtamen
1049 1842 1398 1920 utrumque
1450 1839 1665 1904 minus
1721 1839 2203 1906 rationabiliter
2255 1839 2398 1904 fieri
2415 1890 2429 1917 ,
2495 1840 2709 1905 elucet
2769 1842 2914 1904 tum
2969 1860 3009 1905 e

339 1935 643 2018 praefato
692 1936 877 2000 brevi
908 1936 1129 2019 Papae
1164 1937 1459 2021 Greqorii
1489 1938 1688 2003 XIII.
1708 1962 1727 2001 .·
1776 1940 1982 2019 Quum
2016 1960 2143 2023 pro
2188 1960 2448 2003 munere
2484 1939 2825 2022 pastorali,
2878 1958 3007 2019 quo

342 2033 555 2099 dictus
601 2035 784 2118 Papa
848 2036 932 2100 ad
977 2035 1224 2118 Corpus
1278 2035 1444 2119 juris
1506 2036 1801 2101 canonici
1848 2036 2050 2102 etiam
2112 2037 2339 2101 ambas
2392 2036 2542 2101 illas
2589 2035 3009 2101 collectiones

338 2132 946 2214 Extravagantium
992 2137 1315 2212 accenset,
1364 2137 1506 2199 tum
1554 2156 1590 2200 e
1636 2134 1858 2200 verbis
1905 2134 2258 2217 respectivi
2298 2133 2543 2200 decreti
2575 2132 2842 2198 Concilii
2871 2134 3008 2198 Ba-

339 2233 654 2314 sileensiS,
724 2253 922 2314 supra
969 2230 1058 2315 (p.
1112 2234 1261 2297 222.
1323 2235 1458 2298 not.
1512 2232 1602 2314 6.)
1651 2232 1956 2314 allegati,
2020 2254 2147 2315 quo
2196 2231 2441 2298 dictum
2487 2231 2844 2296 Concilium
2891 2252 3008 2296 ne-

339 2349 668 2410 quaquam
716 2329 795 2393 de
831 2330 1104 2414 Corpore
1142 2329 1309 2411 juris
1357 2329 1651 2394 canonici
1699 2333 1931 2413 clause,
1981 2330 2096 2394 sed
2145 2330 2224 2395 de
2255 2330 2786 2395 reservationibus
2827 2331 3006 2394 bene-

334 2426 627 2509 ficio-rum
672 2425 740 2489 in
788 2426 1071 2510 Corpore
1111 2427 1280 2510 juris
1327 2430 1562 2492 clausis
1608 2427 1917 2510 loquitur.

517 2533 617 2597 De
664 2536 885 2597 cetero
933 2537 1176 2612 autem,
1226 2534 1281 2598 si
1329 2534 1474 2616 quis
1508 2533 1825 2600 dictione:
1875 2535 2123 2617 Corpus
2163 2534 2329 2617 juris
2378 2534 2671 2599 canonici
2718 2537 3006 2599 clausum

336 2629 403 2695 id
436 2630 804 2714 exprimere
841 2631 1063 2710 vellet,
1111 2635 1262 2715 post
1297 2634 1725 2699 Collectionem
1759 2633 2214 2699 Clementinam
2258 2621 2519 2698 nullam'
2553 2632 3006 2699 collectionem

336 2729 664 2812 publicam
711 2751 826 2794 seu
874 2730 1320 2796 authenticam
1366 2731 1635 2815 Corpori
1673 2731 1842 2815 juris
1890 2731 2184 2797 canonici
2230 2731 2605 2808 accessisse,
2662 2731 2811 2795 111116
2858 2730 3007 2795 usui

336 2827 644 2909 loquendi
688 2827 915 2909 utique
962 2827 1123 2892 nihil
1180 2829 1572 2895 rationabile
1633 2829 2092 2913 opponendum
2152 2829 2345 2894 foret.
2441 2828 2718 2894 Omnino
2780 2832 3006 2894 autem

338 2924 579 2989 falsum
639 2929 814 2990 esset
833 2975 847 3003 ,
908 2925 965 2990 si
1025 2926 1169 3008 quis
1231 2926 1614 2992 dictionem:
1677 2927 1926 3010 Corpus
1980 2927 2147 3010 juris
2207 2926 2503 2992 canonici
2563 2930 2849 2992 clausum
2907 2927 3007 2993 ita

338 3023 783 3106 accipiendam
843 3027 1111 3106 putaret
1133 3075 1147 3102 ,
1216 3046 1294 3090 ac
1355 3025 1412 3089 si
1470 3025 1730 3089 nonnisi
1789 3025 1941 3090 illae
2001 3046 2271 3090 normae
2324 3024 2491 3108 juris
2552 3024 3000 3104 ecclesiastici,

338 3141 507 3202 quae
555 3120 729 3185 dicto
762 3121 1045 3204 Corpore
1084 3122 1253 3205 juris
1286 3122 1580 3187 canonici
1613 3127 1825 3189 clauso
1859 3122 2295 3201 continentur,
2344 3122 2480 3186 vim
2514 3122 3003 3188 ecclesiasticae

335 3217 502 3300 legis
546 3219 888 3297 haberent,
940 3239 1153 3302 neque
1200 3221 1475 3285 ulterius
1522 3220 1754 3302 augeri
1798 3224 2069 3304 possent
2095 3217 2141 3286 ².

525 3449 543 3480 ¹
582 3446 668 3499 Ita
704 3445 1026 3499 nominatim
1063 3447 1421 3515 Kreittmayr,
1458 3446 1885 3513 Anmerkungen
1924 3446 2059 3499 iiber
2096 3447 2199 3499 den
2239 3444 2491 3499 Codicem
2527 3444 3000 3498 Maximilianeum

335 3525 664 3579 Bavaricum
702 3526 936 3580 civilem.
988 3526 1236 3580 Monach.
1268 3528 1405 3581 1758
1431 3545 1569 3596 sqq„
1606 3529 1738 3580 tom.
1765 3527 1831 3581 V.
1870 3545 1922 3597 p.
1950 3527 2126 3592 2031„
2164 3526 2256 3580 ubi
2280 3528 2534 3596 respectu
2568 3525 3005 3579 reservationum

336 3606 717 3660 beneficiorum
756 3607 887 3660 6661.
927 3607 1034 3660 ait:
1093 3607 1297 3672 „Unter
1348 3609 1472 3661 dem
1510 3610 1644 3675 jure
1677 3611 1880 3674 scripto
1932 3607 2063 3660 aber
2111 3607 2186 3660 ist
2242 3606 2597 3675 (wenigstens
2632 3605 2999 3674 hierumfalls)

333 3685 488 3739 nicht
524 3686 660 3740 alles
677 3729 689 3750 ,
745 3704 860 3741 was
898 3686 1016 3740 sich
1053 3686 1110 3740 in
1159 3705 1380 3740 unserm
1418 3687 1680 3754 heutigen
1720 3687 1953 3756 Corpore
1986 3686 2127 3756 juris
2166 3686 2411 3740 canonici
2447 3686 2711 3750 befindet,
2768 3685 3004 3739 sondern

334 3783 438 3818 nur
477 3766 574 3819 das
612 3784 728 3834 sog.
769 3767 976 3837 Corpus
1008 3767 1150 3837 juris
1189 3770 1447 3837 clausum,
1486 3768 1520 3822 i.
1562 3787 1607 3821 e.
1646 3768 1940 3821 Decretum
1979 3767 2150 3832 Grat„
2188 3769 2389 3820 sammt
2426 3766 2529 3819 den
2566 3766 2725 3819 sechs
2750 3765 3005 3819 Biichern

336 3846 431 3898 der
467 3846 836 3900 Decretalium
852 3890 864 3911 ,
915 3848 1069 3901 nicht
1119 3848 1249 3901 aber
1300 3848 1385 3902 die
1423 3848 1871 3915 Extravagantes
1888 3890 1900 3911 ,
1953 3849 2065 3901 und
2116 3848 2345 3901 anderes
2382 3847 2538 3899 mehr
2553 3889 2565 3910 ,
2617 3846 2997 3900 verstanden.'‘

336 3924 504 3977 Porro
531 3928 713 3996 Wiese,
751 3928 1057 3982 Handbuch
1096 3929 1191 3981 des
1216 3928 1517 3995 gemeinen‚
1556 3928 1611 3981 in
1647 3928 2018 3981 Teutschland
2054 3927 2323 3990 iiblichen,
2362 3927 2801 3980 Kirchenrechts.
2852 3926 3002 3996 Lips.

340 4006 477 4058 1799
504 4023 604 4074 sq„
629 4009 758 4060 tom.
786 4008 829 4061 I.
856 4026 907 4077 p.
935 4009 1056 4061 257.
1084 4026 1196 4077 sq.;
1235 4009 1369 4062 item
1394 4011 1622 4075 Helfert,
1648 4008 1707 4062 in
1731 4008 1932 4061 Lexico
1960 4008 2091 4061 eccl.
2117 4007 2383 4074 Friburg„
2417 4006 2666 4074 Friburg.
2699 4007 2833 4061 1847
2861 4024 3001 4075 sqq„

334 4088 464 4138 tom.
504 4086 571 4138 II.
610 4104 661 4156 p.
702 4088 822 4141 891.
876 4091 932 4140 et
969 4088 1125 4151 893.;
1184 4091 1421 4157 Helbler,
1473 4088 1789 4142 Kirchliche
1827 4087 2269 4157 Rechtsquellen.
2322 4087 2557 4141 Berolin.
2603 4087 2769 4151 1888,
2820 4105 2871 4157 p.
2912 4087 3000 4140 32.

337 4164 447 4218 cfr.
486 4168 693 4219 Bv'elcell
705 4209 721 4236 ,
772 4167 952 4220 Ueber
991 4167 1075 4221 die
1113 4168 1460 4235 Entstehung
1496 4169 1606 4221 und
1647 4169 1751 4221 den
1787 4168 2049 4234 heutigen
2087 4166 2377 4224 Gebrauch
2429 4168 2524 4220 der
2573 4167 2766 4220 beiden
2802 4166 3002 4220 Extra-

335 4248 994 4314 vagantensammlungen
1033 4249 1129 4301 des
1168 4249 1324 4318 Corp.
1359 4249 1467 4318 jur.
1508 4266 1625 4302 can.
1644 4291 1657 4313 ,
1710 4267 1762 4318 p.
1802 4249 1887 4302 61.
1926 4251 2037 4301 not.
2081 4249 2127 4301 1.
2145 4268 2157 4311 ;
2209 4265 2367 4317 porro
2407 4249 2636 4315 Schulte,
2687 4246 2788 4300 Die
2824 4246 3002 4301 Lehre

335 4344 444 4379 von
482 4327 586 4380 den
624 4327 851 4392 Quellen
902 4329 996 4381 des
1033 4328 1240 4382 kathol.
1281 4329 1707 4383 Kirchenrechts
1724 4371 1736 4394 ,
1788 4347 1840 4399 p.
1880 4329 2032 4392 355.;
2092 4329 2317 4381 Scherer
2332 4369 2348 4396 ,
2385 4326 2440 4380 in
2479 4327 2679 4380 Lexico
2717 4326 2847 4381 eccl.
2885 4327 3003 4381 Fri-

336 4405 514 4473 burg„
554 4408 635 4461 ed.
676 4408 742 4461 II.
781 4410 911 4461 tom.
951 4408 1044 4461 111.
1086 4409 1184 4462 col.
1230 4410 1382 4463 1118.
1423 4426 1543 4478 sqq.

516 4496 539 4531 2
573 4499 772 4565 Veriny
785 4539 801 4566 ,
852 4497 1138 4551 Lehrbuch
1192 4499 1286 4552 des
1335 4497 1542 4552 kathol.
1560 4540 1574 4563 ,
1627 4498 1818 4552 orient.
1870 4498 1981 4551 und
2032 4500 2257 4567 protest.
2296 4496 2719 4550 Kirchenrechts
2735 4537 2749 4560 ,
2805 4496 2889 4549 ed.
2929 4497 2997 4551 H.

335 4593 386 4643 p.
427 4575 541 4638 81.;
583 4578 824 4647 Scherer,
862 4577 1169 4632 Handbuch
1208 4579 1303 4631 des
1340 4577 1783 4643 Kirchenrechts,
1821 4581 1950 4632 tom.
1989 4578 2031 4632 Ι.
2069 4596 2122 4648 p.
2161 4578 2284 4632 270.
