3355 5328
1342 299 1522 355 Sectio
1558 301 1601 354 Ι.
1651 299 1686 367 5
1722 299 1808 353 65.
2663 376 2667 379 Δ
2803 300 2903 353 115

430 462 634 527 Porro
658 461 893 526 Petrus
917 461 1422 526 Beneventanus
1444 459 1513 525 in
1538 458 1855 524 divisione
1879 458 2323 537 decretalium,
2357 459 2437 525 de
2458 459 2734 526 diversis
2765 483 2905 527 ma-

266 560 438 627 teriis
470 557 828 641 agentium,
864 562 1062 641 atque
1093 547 1161 622 in
1193 557 1643 639 designatione
1674 554 2040 639 hujusmodi
2071 555 2357 639 partium
2387 556 2660 640 alicujus
2684 558 2907 626 decre-

264 659 404 725 talis
449 657 546 724 ita
593 656 842 723 divisae
889 655 1149 722 omnino
1196 660 1459 722 secutus
1505 658 1610 721 est
1641 656 1926 720 Alanum
1972 651 2118 735 (cfr.
2153 675 2353 738 supra
2383 676 2445 738 p.
2492 655 2687 737 110.).
2767 656 2908 733 Qua

270 755 513 822 ratione
545 754 768 838 Papae
798 756 1152 820 Innocentii
1182 755 1310 819 III.
1346 751 1725 819 decretalis:
1773 753 2131 817 Pastoralis
2169 752 2385 837 officii,
2420 753 2479 819 d.
2514 753 2575 819 d.
2615 757 2714 820 19.
2748 756 2908 823 Dec.

271 856 450 932 1204,
483 854 567 919 ad
598 852 977 918 Heliensem
1008 850 1191 935 (Ely)
1222 851 1291 916 in
1320 850 1564 932 Anglia
1594 850 1968 934 episcopum
2000 849 2269 928 directa,
2301 850 2400 917 uti
2429 850 2498 915 in
2528 851 2908 921 collectione

268 954 479 1035 Alani,
513 951 610 1016 ita
642 950 843 1016 etiam
866 950 934 1014 in
953 949 1424 1033 compilatione
1442 949 1558 1014 ΙΠ.
1584 948 1653 1013 111
1680 950 2008 1014 duodecim
2030 952 2256 1031 partes
2287 947 2498 1014 divisa
2522 953 2590 1015 et
2614 950 2910 1033 singulae

263 1053 482 1132 partes
512 1049 682 1115 istae
712 1048 780 1112 in
802 1047 1236 1132 peculiaribus
1262 1046 1583 1131 capitibus
1605 1045 1861 1130 positae
1893 1048 2090 1139 atque
2115 1045 2389 1128 singulis
2411 1047 2777 1131 hujusmodi
2801 1071 2910 1116 ca-

266 1147 500 1231 pitibus
532 1145 816 1212 initiales
839 1166 1035 1233 voces
1058 1145 1230 1210 illius
1254 1143 1637 1210 decretalis:
1671 1145 2030 1209 Pastoralis
2053 1143 2250 1228 officii
2272 1145 2671 1228 praemissae
2695 1152 2849 1228 sunt
2869 1148 2910 1215 ¹.

438 1243 823 1328 Compilatio
869 1244 1051 1321 haec,
1099 1242 1198 1309 uti
1244 1263 1281 1308 e
1319 1263 1519 1326 supra
1565 1241 1756 1308 dictis
1803 1241 2035 1319 elucet,
2082 1240 2209 1308 fuit
2256 1242 2550 1309 collectio
2590 1244 2756 1328 juris
2804 1267 2913 1312 ca-

266 1343 474 1408 nonici
530 1342 789 1427 publica
847 1362 962 1406 8811
1022 1344 1241 1426 leqalis
1254 1365 1283 1424 ,·
1340 1340 1408 1406 id
1467 1339 1641 1422 quod
1701 1338 1901 1405 etiam
1945 1338 2128 1423 Papa
2173 1340 2552 1407 Benedictus
2597 1343 2784 1409 XIV.
2845 1345 2914 1409 in

265 1461 462 1524 supra
507 1439 777 1506 laudata
824 1442 1066 1505 const.:
1128 1440 1283 1505 Jam
1324 1439 1465 1523 fere
1509 1446 1722 1503 seoetus
1735 1489 1754 1520 ,
1816 1436 1884 1500 in
1929 1435 2147 1502 fronte
2195 1438 2334 1521 ejus
2380 1439 2654 1504 BuHarii
2698 1441 2916 1525 posita

264 1538 405 1619 (cfr.
456 1559 656 1621 supra
700 1559 763 1621 p.
819 1536 993 1619 104.)
1041 1558 1351 1621 expresse
1399 1535 1786 1602 enuntiavit.
1880 1536 1971 1600 Et
2018 1534 2196 1614 hinc,
2260 1556 2426 1618 quae
2471 1537 2560 1602 ibi
2620 1560 2912 1623 compre-

266 1636 718 1702 hendebantur
765 1635 1128 1702 decretales
1176 1638 1244 1700 et
1285 1633 1785 1700 constitutiones
1824 1631 2214 1716 pontificiae,
2262 1634 2385 1700 hoc
2415 1634 2577 1718 ipso,
2626 1637 2917 1718 quodibi

267 1734 1002 1818 comprehendebantur,
1052 1733 1345 1798 valorem
1393 1731 1560 1814 legis
1601 1730 2083 1813 ecclesiasticae
2133 1725 2524 1818 universalis
2564 1734 2914 1802 habebant.

446 1831 716 1897 Glossas
761 1831 845 1896 ad
891 1829 1429 1914 compilationem
1487 1829 1757 1895 tertiam
1816 1828 2305 1895 adornaverunt
2342 1830 2482 1912 J‘am
2537 1851 2736 1914 supra
2780 1854 2918 1898 me-

268 1929 506 1996 morati
553 1928 931 1995 canonistae
976 1930 1374 1994 Laurentius
1383 1979 1402 2010 ,
1448 1928 1734 1992 Joannes
1783 1927 2107 2010 Galmsis,
2155 1927 2608 2012 LanfrancuS,
2655 1930 2918 1996 Vincen-

272 2030 397 2093 tius
447 2031 516 2093 et
571 2028 941 2092 Tancredus
968 2022 1012 2109 ²,
1062 2029 1132 2091 et
1175 2025 1280 2091 hic
1326 2025 1584 2107 quidem
1603 2075 1618 2102 ‚
1666 2023 1766 2090 uti
1811 2024 1950 2108 ipse
1994 2024 2203 2090 refert
2229 2024 2272 2102 ³,
2323 2025 2475 2089 dum
2522 2025 2731 2092 adhuc
2778 2033 2922 2094 erat

269 2122 697 2190 Bononiensis
757 2123 1137 2202 canonicus,
1200 2127 1268 2189 et
1325 2122 1475 2188 hinc
1522 2127 1701 2188 certe
1748 2125 1903 2188 ante
1951 2120 2121 2185 diem
2168 2123 2271 2187 31.
2321 2122 2470 2188 Jan.
2526 2125 2728 2201 1226,
2793 2145 2922 2206 qua

269 2222 626 2288 mandante
667 2222 852 2306 Papa
880 2220 1308 2287 Bononiensis
1355 2220 1849 2286 archidiaconus
1891 2218 2107 2285 factus
2154 2223 2275 2285 est.
2347 2219 2550 2285 Porro
2596 2221 2769 2286 haud
2814 2222 2922 2287 diu

270 2325 420 2402 post
469 2320 869 2385 celebratum
899 2319 1208 2401 generale
1240 2318 1593 2384 Concilium
1622 2319 2069 2384 Lateranense
2099 2316 2212 2382 IV.
2247 2316 2380 2398 (die
2416 2319 2716 2384 11.-30.
2749 2318 2921 2386 Nov.

275 2417 549 2500 1215)⁴‚
617 2422 685 2484 et
742 2416 925 2500 Papa
984 2417 1343 2482 Innocentio
1390 2417 1516 2482 ΠΙ.
1566 2414 1637 2497 (†
1690 2417 1791 2480 16.
1839 2414 1969 2479 Jul.
2025 2413 2222 2496 1216)
2265 2415 2405 2497 jam
2463 2420 2720 2482 mortuo
2746 2416 2793 2495 ⁵,
2857 2423 2925 2485 et

268 2520 629 2597 antequam
675 2514 1058 2599 compilatio
1105 2523 1337 2600 quarta
1382 2513 1583 2596 (infra
1614 2512 1650 2595 ἓ
1685 2512 1819 2594 67.)
1867 2513 2189 2579 adornata
2236 2517 2411 2579 esset
2436 2513 2481 2592 ⁶,
2530 2534 2688 2595 ergo
2734 2536 2925 2581 vero-

270 2612 580 2679 similiter
634 2635 692 2679 a.
748 2615 917 2679 1216
964 2613 1075 2679 vel
1127 2615 1292 2678 1217
1319 2613 1361 2680 ⁷.
1454 2611 1576 2690 Qui
1634 2613 1995 2696 apparatus
2041 2610 2439 2694 glossarum,
2502 2633 2543 2679 a
2589 2612 2925 2680 Tancredo

268 2712 653 2789 adornatus,
700 2711 890 2794 hujus
921 2711 1409 2795 compilationis
1454 2731 1660 2793 usque
1708 2710 1792 2775 ad
1837 2708 2340 2793 publicationem
2383 2710 2783 2776 collectionis
2816 2713 2927 2778 de-

270 2808 622 2875 cretalium
666 2808 888 2892 Papae
938 2808 1235 2890 Gregorii
1282 2808 1392 2874 IX.
1441 2808 1663 2890 glossa
1712 2806 2040 2872 ordinaria
2086 2806 2212 2873 fuit
2232 2804 2279 2873 ⁸.

459 2942 477 2974 ¹
516 2939 654 2992 Vide
695 2937 877 3009 comp.
904 2939 998 2992 IH.
1038 2957 1083 2993 8.
1125 2941 1172 2993 7.
1214 2940 1279 2992 de
1317 2939 1403 2992 off.
1438 2938 1554 3009 jud.
1594 2938 1769 3005 deleg.
1791 2938 1833 2991 I.
1864 2937 1964 3002 18„
2002 2937 2096 2991 ubi
2132 2938 2368 2992 refertur
2403 2938 2578 3008 prima
2614 2957 2741 3009 pars
2779 2940 2929 2995 illius

270 3018 597 3082 decretalis3
648 3037 805 3088 porro
842 3018 1126 3086 sequentia
1163 3019 1366 3089 capita,
1404 3017 1461 3071 in
1499 3017 1697 3087 quibus
1732 3017 2019 3071 ulteriores
2055 3021 2241 3087 partes
2278 3017 2428 3072 illius
2466 3020 2755 3074 decretalis
2792 3021 2927 3074 refe·
2997 3019 3008 3032 ⁶

270 3104 502 3163 runtur,
554 3099 839 3153 videlicet:
893 3118 937 3153 c.
977 3100 1026 3154 3.
1067 3099 1132 3152 de
1169 3098 1416 3168 rescript.
1455 3098 1496 3152 Ι.
1536 3098 1617 3162 2.;
1670 3116 1716 3152 c.
1755 3116 1845 3151 un.
1886 3098 1953 3151 de
1988 3115 2271 3153 sacramm.
2323 3117 2430 3152 non
2468 3098 2694 3155 iterand.
2733 3101 2773 3154 Ι.
2817 3101 2930 3164 12.;

272 3199 321 3234 8.
364 3182 417 3234 5.
464 3180 529 3233 de
568 3180 653 3233 off.
688 3179 803 3249 jud.
845 3180 956 3233 ord.
995 3179 1035 3232 I.
1076 3180 1191 3243 2Ο.;
1231 3197 1276 3233 8.
1316 3179 1366 3233 3.
1407 3179 1473 3232 (18
1509 3178 1598 3232 fid.
1638 3178 1887 3232 instrum.
1927 3178 1995 3232 H.
2038 3179 2150 3242 13.;
2189 3196 2235 3233 8.
2264 3179 2312 3233 3.
2353 3180 2418 3233 de
2457 3184 2667 3250 except.
2707 3181 2774 3233 II.
2817 3182 2930 3245 16.;

275 3279 323 3315 8.
369 3261 461 3313 11.
500 3260 566 3313 (18
604 3258 859 3329 appellat.
898 3260 965 3313 II.
1008 3260 1121 3322 19.;
1174 3277 1219 3313 8.
1259 3260 1308 3312 3.
1358 3259 1424 3312 de
1461 3258 1577 3323 his,
1626 3276 1766 3327 qnae
1804 3259 2020 3313 conced.
2072 3259 2141 3312 ab
2179 3258 2343 3328 episc.
2381 3259 2476 3313 III.
2519 3261 2634 3323 11.;
2691 3278 2737 3313 8.
2775 3261 2826 3314 4.
2866 3261 2932 3314 (18

275 3341 493 3394 donatt.
534 3339 628 3392 III.
671 3340 783 3402 18.;
837 3357 882 3393 8.
920 3339 971 3392 4.
1012 3339 1077 3392 (18
1115 3338 1304 3393 decim.
1344 3339 1438 3392 III.
1477 3339 1594 3401 23.;
1648 3356 1694 3392 8.
1731 3339 1783 3392 4.
1824 3339 1889 3392 (18
1921 3339 2042 3409 jure
2078 3342 2347 3408 patronat.
2387 3339 2480 3392 III.
2521 3340 2635 3402 30.;
2692 3358 2737 3393 c.
2778 3341 2826 3393 9.
2866 3341 2932 3393 de

270 3420 534 3490 privileg.
573 3419 640 3473 V.
682 3420 765 3473 16.

467 3501 488 3534 ²
525 3501 753 3568 Schulte,
790 3498 1383 3565 Literaturgeschichte
1421 3500 1516 3552 der
1554 3498 1975 3568 compilationes
2012 3498 2285 3567 antiquae,
2328 3499 2383 3552 in
2421 3497 2537 3552 citt.
2576 3499 2756 3553 relatt.
2797 3517 2931 3553 8888.

271 3585 409 3635 tom.
456 3579 646 3633 LXVI.
685 3597 736 3649 p.
779 3580 898 3634 131.

469 3660 487 3695 ³
523 3659 586 3711 In
623 3659 890 3729 prooemio
940 3659 1103 3729 hujus
1154 3659 1240 3712 sui
1279 3663 1571 3729 apparatus
1622 3659 1930 3726 glossarum
1973 3657 2139 3729 (apud
2178 3660 2390 3712 Schulte
2402 3699 2418 3726 ,
2470 3658 2570 3712 Die
2608 3659 2935 3714 Geschichte

272 3741 374 3794 der
416 3738 663 3804 Quellen,
698 3742 828 3793 tom.
867 3739 907 3792 I.
947 3757 997 3808 p.
1037 3738 1205 3806 244.).

466 3819 491 3854 4
527 3818 624 3872 Ait
648 3818 789 3871 enim
813 3819 850 3871 l.
878 3836 953 3872 c.:
999 3818 1455 3883 „Constitutiones
1489 3821 1704 3872 concilii
1731 3823 1984 3887 proxime
2009 3821 2255 3872 celebrati
2284 3819 2380 3887 (sc.
2408 3818 2790 3882 Lateranensis
2815 3819 2933 3887 IV.)

278 3943 290 3954 .
336 3942 347 3953 .
394 3941 407 3952 .
450 3898 869 3965 diligentissime
909 3898 1227 3953 collocab0.“

469 3980 491 4014 ⁵
529 3977 718 4031 Utitur
767 3977 910 4031 enim
958 3977 1158 4032 ibidem
1209 3979 1275 4032 de
1311 3979 1464 4049 Papa
1501 3980 1810 4032 Innocentio
1849 3980 1953 4032 ΙΙΙ.
2006 3977 2093 4031 1118
2142 3978 2354 4033 verbis:
2415 3981 2640 4044 „Felicis
2689 3983 2940 4033 recorda·

277 4061 454 4112 tionis
492 4057 740 4112 dominus
765 4057 1110 4112 Innocentius
1147 4075 1289 4128 papa
1314 4059 1407 4111 ΙΙΙ.
1435 4075 1565 4112 suas
1603 4057 1903 4112 decretales
1940 4075 2113 4126 usque
2149 4059 2218 4112 ad
2256 4076 2456 4113 annum
2480 4059 2598 4113 XII.
2639 4060 2814 4114 editas
2845 4078 2941 4130 per

276 4138 619 4206 magistrum
642 4138 704 4191 P.
731 4138 1192 4203 Beneventanum,
1232 4138 1501 4193 notarium
1527 4156 1704 4202 suum,
1741 4138 1799 4191 in
1823 4137 2098 4208 praesenti
2121 4156 2281 4208 opere
2314 4138 2633 4209 compilatas
2668 4139 2941 4193 Bononiae

276 4217 641 4273 studentibus
680 4217 1022 4273 destinavit.“

474 4299 497 4334 θ
533 4298 595 4351 Id
632 4297 756 4352 inde
806 4297 1082 4366 colligitur
1098 4341 1110 4362 ,
1163 4299 1304 4367 quod
1342 4299 1654 4352 Tancredus
1704 4298 1761 4351 in
1810 4299 1912 4352 hoc
1959 4316 2055 4352 suo
2093 4302 2359 4369 apparatu
2395 4299 2701 4367 glossarum
2736 4299 2941 4352 nullam

278 4395 520 4450 prorsus
555 4376 717 4431 istius
769 4381 995 4447 quartae
1031 4377 1437 4448 Compilationis
1472 4378 1801 4431 mentionem
1837 4377 1972 4432 facit
1990 4420 2002 4442 ,
2057 4378 2220 4433 immo
2258 4397 2489 4433 canones
2540 4379 2771 4449 praefati
2810 4378 2943 4433 con-

279 4458 403 4514 cilii
445 4457 717 4525 generalis
753 4458 1140 4513 Lateranensis
1176 4458 1287 4524 IV„
1332 4458 1426 4528 qui
1461 4461 1646 4512 tamen
1683 4462 1830 4512 recte
1867 4459 1922 4512 in
1962 4457 2350 4528 compilatione
2388 4462 2582 4527 quarta
2618 4459 2944 4524 referuntur,

280 4558 348 4594 se
391 4539 456 4592 in
492 4536 586 4591 illo
624 4542 889 4608 apparatu
928 4538 1318 4593 collocaturum
1355 4537 1502 4592 dicit.

481 4621 499 4654 '¹
539 4618 646 4673 Gfr.
687 4619 916 4687 Schulte,
954 4617 1546 4686 Literaturgeschichte
1584 4618 1677 4671 der
1717 4617 2137 4687 compilationes
2176 4618 2432 4688 antiquae
2449 4661 2461 4682 ,
2516 4619 2574 4672 in
2611 4619 2726 4673 citt.
2765 4619 2945 4674 relatt.

277 4715 436 4755 sess.
477 4702 605 4752 tom.
644 4698 835 4752 LXVI.
874 4717 925 4769 p.
968 4698 1085 4752 132.
1125 4716 1243 4767 sqq.

482 4779 503 4813 ⁸
541 4780 768 4847 Schulte,
806 4777 906 4832 Die
945 4778 1271 4833 Geschichte
1309 4778 1404 4832 der
1441 4778 1685 4843 Quellen,
1723 4782 1851 4833 tom.
1892 4779 1932 4833 I.
1972 4797 2022 4849 p.
2065 4780 2182 4833 119.
2223 4796 2374 4848 sqq.;
2426 4781 2604 4849 Idem,
2654 4779 2949 4834 Literatur-

2454 4866 2539 4921 8*
