3355 5328
332 350 444 404 198
1146 352 1283 405 Pars
1321 353 1405 406 ΙΙ..
1448 352 1804 406 Collectiones
1843 352 2211 407 decretalium.

515 512 795 575 Demum
856 510 976 575 sub
1038 512 1177 593 ejus
1239 532 1647 588 successore,
1711 512 1896 595 Papa
1955 513 2210 577 Joanne
2267 513 2497 577 XXII.
2561 510 2652 592 (7.
2716 512 3000 595 August.

344 609 514 673 1316
560 647 651 656 -—
698 611 758 674 4.
808 609 1152 675 Decembr.
1206 609 1425 690 1334),
1474 609 1590 674 illa
1633 610 1929 675 recensio
1977 614 2046 676 et
2093 610 2463 676 emendatio
2511 611 2816 676 absoluta
2862 614 3001 688 est3

336 711 466 788 quo
531 706 712 772 facto
781 706 953 771 idem
1012 706 1194 791 Papa
1256 708 1543 773 Jocmnes
1610 709 1840 773 XXII.
1908 709 2358 774 collectionem
2429 708 2522 773 sic
2587 709 3003 775 emendatam

341 805 557 869 denuo
615 804 977 888 publicavit
1024 826 1300 887 eamque
1349 807 1467 870 sub
1514 807 1729 871 bulla:
1804 809 2118 887 Quoniam
2164 809 2378 891 nulla,
2442 808 2501 872 d.
2552 808 2612 872 d.
2662 806 3005 873 Avenione

343 903 516 968 VIII.
566 904 712 968 Kal.
770 903 942 969 Nov.
990 903 1181 969 Pont.
1246 925 1305 969 a.
1358 907 1452 980 2..
1518 904 1560 970 i.
1623 925 1680 971 e.
1745 904 1848 969 die
1911 907 2014 970 25.
2067 905 2331 972 Octobr.
2386 906 2591 983 1317,
2656 905 2740 970 ad
2785 906 3003 970 Bono-

337 999 631 1065 niensem
661 1000 1185 1068 Universitatem
1231 1002 1619 1079 transmisit,
1670 1023 1818 1066 cum
1862 1003 2194 1081 mandato,
2244 1007 2317 1070 ut
2362 1003 2508 1087 ipsa
2541 1003 2750 1069 dictas
2782 1005 3006 1069 decre-

340 1099 510 1164 tales
558 1102 626 1164 et
672 1099 1176 1165 constitutiones
1221 1104 1526 1183 prompto
1576 1101 1817 1166 affectu
1865 1101 2228 1186 susciperet
2274 1101 2496 1183 eisque
2544 1101 2626 1166 de
2673 1105 2891 1166 cetero
2938 1100 3007 1165 in

333 1196 594 1280 judiciis
626 1200 696 1262 et
724 1197 793 1262 in
825 1197 1063 1263 scholis
1096 1202 1413 1264 uteretur.
1479 1199 1898 1264 Verbotenus
1927 1199 2108 1264 bulla
2139 1199 2291 1264 illa¹
2328 1203 2538 1276 sonat,
2574 1203 2649 1265 ut
2680 1197 3005 1281 sequitur:

534 1296 611 1372 „J
614 1316 859 1361 oannes
904 1296 1269 1379 Episcopus
1288 1346 1301 1373 ,
1365 1317 1596 1361 servus
1643 1317 1985 1362 servorum
2030 1297 2173 1375 Dei,
2225 1297 2480 1363 dilectis
2525 1298 2676 1363 filiis
2721 1298 3009 1363 doctori-

343 1394 467 1459 bus
514 1397 583 1459 et
628 1393 1032 1459 scholaribus
1079 1394 1405 1459 universis
1436 1394 1774 1460 Bononiae
1821 1395 2373 1461 commorantibus
2420 1396 2702 1460 salutem
2748 1399 2817 1461 et
2849 1401 3009 1478 apo-

346 1491 649 1557 stolicam
694 1492 1236 1558 benedictionem.

537 1597 890 1674 „Quoniam
949 1600 1128 1664 nulla
1168 1600 1336 1683 juris
1383 1600 1636 1665 sanctio
1656 1651 1669 1677 ,
1736 1604 2310 1682 quantumcunque
2369 1622 2693 1684 perpenso
2751 1600 3012 1682 digesta

345 1696 614 1761 consilio
634 1746 649 1775 ,
713 1699 795 1762 ad
841 1697 1167 1763 humanae
1212 1702 1491 1764 naturae
1553 1698 1952 1764 varietatem
2015 1702 2085 1764 et
2129 1698 2650 1764 machinationes
2711 1700 2850 1782 ejus
2911 1699 3012 1763 in-

346 1793 707 1878 opinabiles
755 1795 1029 1873 sufficit,
1078 1817 1200 1861 nec
1248 1797 1332 1860 ad
1380 1796 1772 1861 decisionem
1817 1796 2100 1861 lucidam
2147 1818 2305 1862 suae
2352 1799 2639 1862 nodosae
2688 1796 3012 1878 ambigui-

343 1892 508 1959 tatis
556 1893 847 1975 attingit,
897 1915 973 1959 eo
1019 1894 1431 1979 praesertim,
1483 1894 1652 1976 quod
1700 1894 1817 1959 vix
1864 1894 2109 1977 aliquid
2140 1896 2302 1961 adeo
2352 1899 2604 1961 certum
2636 1896 3014 1976 clarumque

347 1990 685 2069 statuitur,
736 1991 890 2074 quin
939 2013 1024 2057 ex
1071 1992 1286 2058 causis
1319 1991 1827 2075 emergentibus
1879 1993 2111 2075 quibus
2151 1994 2304 2077 jura
2343 1995 2483 2077 jam
2513 1993 2732 2078 posita
2763 1993 3011 2057 mederi

347 2110 480 2154 non
524 2089 778 2172 possint
796 2141 809 2167 ,
871 2090 939 2155 in
986 2091 1249 2156 dubium
1311 2095 1694 2167 revocetur;
1762 2090 1916 2172 quia
1975 2092 2177 2158 etiam
2238 2094 2320 2157 ab
2382 2091 2825 2157 adolescentia
2885 2091 3013 2155 viri

347 2187 657 2271 proclivis
720 2189 801 2252 ad
848 2189 1091 2253 malum
1156 2189 1552 2254 sensualitas
1612 2189 1899 2254 humana
1948 2190 2233 2256 declinat
2260 2186 2303 2267 ²,
2370 2211 2491 2274 per
2538 2191 2708 2272 quod
2756 2209 3014 2253 morum

350 2285 693 2351 subversio
739 2286 809 2351 in
856 2287 1029 2351 clero
1079 2290 1147 2353 et
1193 2287 1433 2371 populo
1481 2287 1866 2368 frequenter
1913 2288 2197 2372 obrepit:
2248 2287 2622 2354 necessaria
2669 2290 2771 2352 est
2820 2307 3015 2371 supe-

350 2382 543 2448 rioris
592 2384 953 2450 auctoritas
972 2436 985 2463 ,
1048 2389 1123 2451 ut
1169 2389 1309 2451 tam
1368 2407 1487 2470 per
1548 2385 2113 2452 determinationis
2175 2390 2581 2471 opportunae
2629 2384 3015 2466 suffragium

350 2482 547 2547 tollat
592 2482 903 2564 ambigua
920 2533 934 2561 ,
997 2483 1148 2549 lites
1196 2483 1457 2549 auferat
1476 2534 1489 2560 ,
1539 2483 2006 2550 altercationes
2053 2485 2319 2551 dirimat
2366 2489 2434 2551 et
2481 2486 2759 2549 obscura
2805 2482 3015 2547 succi-

353 2578 487 2656 dat,
538 2599 734 2662 quam
780 2602 900 2664 per
945 2581 1217 2647 cultoris
1263 2581 1520 2667 providi
1551 2582 1879 2647 sarculum
1903 2582 1928 2619 ³
1975 2582 2300 2667 exstirpet
2344 2582 2529 2661 vitia,
2579 2582 2864 2648 virtutes
2910 2581 3015 2645 in-

354 2682 556 2758 serat,
607 2680 897 2762 corrigat
944 2701 1254 2746 excessus
1300 2703 1646 2763 moresque
1694 2682 2027 2748 reformet.

544 2788 763 2864 „Haec
816 2809 983 2867 ,sane
1043 2788 1253 2853 felicis
1313 2789 1787 2855 recordationis
1849 2789 2132 2854 Clemens
2177 2789 2361 2873 Papa
2405 2790 2486 2856 V.
2551 2788 3020 2873 praedecessor

349 2890 580 2952 noster
625 2887 984 2969 prudenter
1030 2886 1413 2964 attendens,
1483 2892 1552 2954 et
1596 2886 1870 2970 provide
1931 2887 2197 2971 cupiens
2245 2888 2762 2953 deformatorum
2807 2886 3018 2950 refor-

349 2983 626 3049 mationi
672 2984 1046 3068 prospicere
1066 3036 1079 3062 ,
1142 2986 1402 3051 solvere
1448 2985 1741 3051 difficilia
1759 3036 1772 3063 ,
1836 3006 1913 3051 ac
1974 2986 2347 3052 sanctiones
2413 2984 2902 3068 quaestionibus
2950 2987 3021 3049 et

352 3081 636 3162 negotiis
683 3082 1170 3148 imminentibus
1231 3104 1551 3150 consonas
1596 3084 2050 3168 promulgare,
2114 3083 2352 3149 dudum
2375 3136 2388 3163 ,
2452 3084 2691 3149 nedum
2738 3082 2806 3146 in
2852 3082 3020 3147 Con-

355 3178 502 3243 cilio
549 3179 940 3258 Viennensi,
1006 3181 1160 3263 quin
1209 3181 1409 3248 etiam
1457 3186 1611 3249 ante
1674 3186 1742 3247 et
1788 3186 1938 3266 post
1985 3182 2198 3266 ipsum
2247 3182 2629 3259 Concilium,
2697 3179 3020 3246 constitu-

354 3392 510 3443 nulla
547 3409 600 3445 v.
638 3393 704 3443 de
741 3392 945 3446 eaetero
982 3395 1151 3455 notat,
1191 3391 1404 3446 dicens:
1457 3391 1624 3458 „Quia
1661 3391 1855 3461 patuit,
1894 3391 2107 3460 aliquas
2146 3409 2215 3444 ex
2250 3390 2361 3445 illis
2404 3390 2502 3459 (sc.
2542 3389 3021 3444 constitutionibus

354 3471 539 3540 Papae
578 3471 874 3526 Clementis
911 3472 1001 3540 V.)
1056 3472 1269 3542 inepte,
1320 3472 1534 3541 aliquas
1571 3472 1781 3542 prolixe
1799 3514 1811 3536 ,
1864 3471 2077 3539 aliquas
2116 3470 2386 3525 defective
2424 3469 2767 3540 compositaS,
2805 3468 3022 3537 aliquas

357 3551 668 3605 etiam-non
706 3552 979 3623 expedire,
1016 3553 1191 3607 noluit
1218 3553 1484 3616 Clemens,
1523 3553 1665 3622 quod
1704 3550 2020 3621 compositio
2057 3551 2154 3605 illa
2179 3551 2528 3621 procederet;
2567 3551 2665 3604 sed
2707 3550 2793 3617 (ut
2814 3548 3017 3616 fertur)

357 3631 461 3685 sub
499 3631 1072 3686 excommunicationis
1109 3649 1282 3702 poena
1319 3632 1602 3686 mandavit
1617 3674 1630 3696 ,
1671 3632 1814 3700 quod
1851 3630 1975 3685 illas
2012 3630 2276 3684 habentes
2311 3630 2457 3684 intra
2494 3633 2672 3683 certos
2710 3629 2825 3683 dies
2862 3628 3020 3682 resti-

359 3713 579 3764 tuerent
617 3711 892 3777 Gamerae,
930 3713 1021 3766 vel
1058 3712 1409 3766 incenderent
1437 3712 1536 3766 vel
1574 3712 1937 3766 dilacerarent
1973 3711 2138 3765 etiam
2176 3712 2408 3764 easdem.
2483 3710 2713 3763 Demum
2749 3728 2845 3779 per
2881 3707 3021 3778 peri-

361 3790 531 3844 tiores
571 3791 706 3845 fecit
741 3791 866 3846 illas
903 3793 1203 3857 recenseri,
1258 3792 1352 3862 qui
1388 3792 1618 3861 aliquas,
1658 3796 1715 3846 et
1751 3809 1955 3861 paucas
1992 3792 2048 3844 in
2084 3794 2262 3846 totum
2298 3793 2753 3853 reservaverunt,
2808 3788 3025 3858 aliquas

358 3870 417 3924 in
452 3874 629 3924 totum
665 3875 996 3936 resecarunt,
1036 3872 1248 3942 aliquas
1281 3876 1648 3939 mutaverunt,
1687 3873 1866 3942 quoad
1901 3872 2069 3926 verba
2086 3914 2099 3937 ,
2135 3875 2317 3926 mente
2353 3874 2604 3934 servata;
2655 3870 2712 3923 in
2749 3868 3024 3937 aliquibus

357 3951 529 4005 menti
567 3954 623 4005 et
659 3952 843 4007 verbis
882 3953 1239 4007 detraxerunt
1277 3957 1333 4007 et
1370 3953 1719 4017 addiderunt,
1760 3956 1818 4006 et
1852 3952 1971 4016 has,
2008 3952 2140 4006 licet
2174 3970 2281 4005 non
2317 3952 2420 4005 sub
2457 3950 2543 4003 his
2580 3950 2767 4004 verbis
2802 3949 2859 4002 in
2886 3949 3022 4002 Con·

359 4031 484 4086 cilio
520 4032 830 4102 publicatae
867 4033 1102 4087 fuissent
1118 4076 1130 4098 ,
1181 4034 1359 4088 voluit
1403 4034 1504 4087 sub
1554 4034 1771 4087 nomine
1812 4033 2036 4088 Concilii
2071 4031 2373 4096 reservari,
2430 4034 2487 4085 et
2521 4030 2725 4084 multas
2761 4028 3023 4084 constitu-

357 4111 536 4166 tiones
571 4112 737 4166 utiles
774 4113 994 4177 addenS,
1035 4114 1099 4167 de
1138 4114 1335 4181 quibus
1371 4132 1478 4167 non
1514 4115 1697 4168 fuerat
1729 4115 1789 4168 in
1828 4113 2064 4168 Concilio
2101 4116 2398 4167 tractatum
2420 4154 2431 4175 ,
2472 4153 2483 4165 .
2528 4153 2538 4165 .
2580 4152 2591 4165 .
2633 4114 2690 4164 et
2726 4109 2860 4163 fecit
2895 4108 3023 4162 illas

350 4210 467 4246 >una
505 4210 627 4247 cum
667 4192 992 4260 quibusdam
1029 4194 1508 4248 constitutionibus
1524 4237 1536 4258 ,
1592 4212 1730 4263 quas
1766 4193 1918 4264 prius
1956 4194 2201 4247 ediderat
2220 4235 2232 4256 ,
2290 4194 2390 4247 snb
2430 4191 2627 4245 debitis
2663 4189 2843 4245 titulis
2880 4207 3023 4242 com·

359 4272 568 4343 pilari.⁴‘
647 4273 733 4326 Ad
771 4291 933 4342 quem
969 4274 1147 4328 locum
1186 4278 1424 4329 Joanm‘s
1462 4276 1719 4328 Andreae
1753 4278 2017 4345 provocat
2054 4274 2220 4327 etiam
2257 4273 2408 4342 Papa
2435 4273 2751 4325 Benedidus
2773 4272 2927 4324 XIV.
2966 4270 3025 4323 in

361 4357 563 4409 const.:
600 4356 860 4407 Redditae
894 4356 1062 4423 nobie,
1103 4355 1153 4408 d.
1193 4355 1242 4408 d.
1283 4356 1332 4408 5.
1360 4355 1613 4409 Decemb.
1654 4356 1809 4419 1744,
1849 4355 1882 4421 g
1924 4355 2005 4409 10.
2034 4371 2115 4422 sq.
2160 4350 2388 4422 (Bullar.
2428 4353 2598 4414 Rom„
2637 4350 2719 4405 ed.
2759 4350 3022 4404 Luxemb.

366 4434 692 4568 17127L31q„
730 4438 858 4489 tom.
901 4434 1045 4489 XVI.
1084 4453 1136 4505 p.
1177 4435 1345 4503 262).
1411 4435 1520 4490 cfr.
1560 4437 1874 4504 Friedbery,
1912 4435 1970 4488 in
1998 4435 2151 4504 Corp.
2186 4433 2292 4505 jur.
2333 4450 2450 4487 can.
2488 4435 2628 4502 part.
2668 4432 2736 4485 II.
2776 4430 3024 4501 prolegg.

360 4530 423 4568 co
449 4556 461 4568 .
600 4557 611 4569 .
652 4532 770 4585 sqq.

544 4597 565 4631 ¹
602 4595 791 4650 Posita
828 4599 914 4650 est
948 4595 1005 4649 in
1041 4596 1220 4650 fronte
1257 4594 1421 4667 hujus
1460 4596 1810 4651 collectionis

544 4674 565 4708 ²
604 4675 714 4729 cfr.
756 4675 890 4730 Gen.
930 4678 980 4739 6,
1020 4676 1102 4740 5.;
1140 4675 1190 4740 8,
1230 4676 1347 4740 21.;
1388 4694 1433 4730 c.
1477 4677 1523 4730 1.
1565 4677 1623 4731 C.
1661 4676 1781 4730 XII.
1823 4694 1911 4746 qu.
1954 4675 2032 4739 1.;
2071 4692 2116 4728 c.
2156 4675 2207 4727 2.
2249 4673 2305 4728 C.
2346 4673 2464 4728 XX.
2505 4689 2593 4742 qu.
2634 4673 2685 4726 3.

545 4757 565 4791 ³
604 4755 690 4809 Gl.
731 4757 796 4810 ad
835 4757 887 4810 h.
928 4757 1058 4811 bull.
1096 4774 1150 4810 V.
1188 4759 1498 4810 sarculum:
1554 4757 2041 4823 „Instrumentum,
2087 4754 2296 4823 inquit,
2344 4772 2449 4824 quo
2500 4753 2812 4807 evelluntur
2848 4750 3027 4804 malae

362 4838 422 4889 et
455 4834 680 4889 inutiles
715 4835 934 4900 herbae,
974 4854 1114 4905 quae
1150 4840 1452 4892 nascuntur
1488 4837 1632 4891 inter
1666 4838 1887 4891 bonaS.“
