3355 5328
283 315 385 371 172
1075 316 1213 371 Pars
1249 314 1317 371 ΙΙ.
1376 316 1732 372 00110οἥ0008
1770 317 2136 372 decretalium.

286 477 836 562 Si9nifieavernnt,
870 477 1112 543 altera.
1171 479 1592 544 Trans-iturus
1625 481 1705 544 de
1731 480 1972 543 mundo
2005 480 2096 543 ad
2115 485 2435 563 patrem,
2393 476 2414 516 ¹
2482 475 2656 540 idem
2687 476 2939 541 Schulte

281 595 318 640 e
360 575 708 740 praefatoz
712 575 932 642 codice
977 597 1098 642 ms.
1148 573 1237 657 (n.
1287 576 1469 659 464.)
1508 572 1949 645 bibliothecae
1994 572 2464 701 Universitatis
2508 570 2938 656 Erlangensis

280 694 369 757 pu
437 672 643 740 icavit
2511 712 2516 717 -

282 861 320 948 ξ
369 858 503 930 103.
597 862 904 931 collectio
965 861 1399 931 decretalium
1461 862 1529 931 et
1562 863 2117 931 constitutionum
2163 863 2383 950 Papae
2427 861 2779 930 Clementis
2824 861 2917 930 IV
2919 844 2938 928 .

457 1029 904 1096 Decretalium
950 1034 1017 1096 et
1065 1029 1604 1096 constitutionum
1634 1029 1856 1114 Papae
1892 1030 2221 1097 Clementis
2252 1002 2369 1097 IV.
2418 1028 2508 1111 (5.
2540 1028 2729 1098 Febr.
2769 1030 2937 1095 1265

280 1149 342 1194 ιι.
392 1129 476 1193 ad
525 1130 628 1194 29.
677 1127 849 1194 Nov.
904 1128 1103 1211 1268)
1149 1128 1370 1212 plures
1418 1127 1837 1194 collectiones
1886 1122 2200 1196 existunt.
2293 1128 2383 1195 Et
2430 1127 2691 1211 quidem

459 1225 539 1292 A.
599 1225 1048 1292 collectionem
1097 1228 1135 1290 6
1185 1225 1609 1292 decretalium
1656 1226 1725 1291 et
1771 1225 2311 1295 constitutionum
2358 1214 2515 1292 dicti
2558 1225 2812 1309 Papae,
2872 1204 2941 1289 in

284 1327 324 1388 3
365 1324 596 1389 titulos
645 1323 1081 1408 dispertitam,
1132 1325 1383 1391 Schulte
1429 1324 1771 1407 evulgavit
1818 1345 1854 1389 0
1902 1346 2100 1409 supra
2144 1327 2508 1393 memorato
2557 1323 2777 1389 codice
2818 1343 2938 1397 ms.

283 1420 726 1488 bibliothecae
772 1422 1203 1505 Erlangensis
1251 1420 1338 1505 (n.
1389 1422 1570 1505 464.)
1590 1421 1634 1488 ³.

461 1522 537 1586 B.
608 1520 985 1585 Earundem
1048 1523 1086 1585 6
1155 1520 1580 1586 decretalium
1640 1524 1711 1586 et
1770 1519 2312 1586 constitutionum
2364 1517 2588 1604 Papae
2648 1516 2942 1584 (310111011-1

282 1618 370 1684 tis
415 1619 529 1685 IV.
579 1619 1047 1697 collectionem,
1096 1617 1163 1682 in
1212 1622 1249 1683 5
1298 1618 1527 1684 titulos
1576 1617 1889 1699 divisam,
1951 1618 2123 1683 idem
2174 1618 2424 1684 Schulte
2470 1637 2507 1683 e
2554 1610 2773 1683 codice
2817 1638 2938 1700 ms.

282 1716 716 1782 bibliothecae
761 1716 1234 1782 Universitatis
1281 1716 1849 1798 Regiomontanae
1894 1715 2325 1800 publicavit.
2280 1716 2305 1754 ⁴
2584 1706 2589 1710 ’

462 1816 642 1880 Idem
689 1815 795 1882 vir
842 1815 1135 1881 eruditus

465 1913 530 1979 C.
566 1934 602 1978 e
628 1912 847 1978 codice
870 1934 988 1978 1118.
1011 1912 1264 1978 Musaei
1287 1910 1608 1977 bohemici
1626 1913 1885 1994 Pragae
1906 1910 1982 1993 (I.
2004 1908 2080 1979 B.
2105 1912 2216 1996 4)⁵
2242 1911 2691 1978 collectionem
2715 1918 2941 1996 septem

283 2011 708 2078 decretalium
754 2015 823 2077 et
855 2011 1397 2077 constitutionum
1427 2010 1649 2095 Papae
1697 2011 2049 2078 Clementis
2080 2012 2194 2078 IV.
2211 2009 2522 2095 publici
2497 2009 2665 2094 Juris
2710 2009 2937 2075 fecit.
2889 2006 2913 2046 ⁶

285 2199 499 2289 §104
562 2202 954 2291 Explanatio
999 2202 1495 2290 praedictarum
1543 2201 1999 2270 collectionum
2046 2200 2478 2268 decretalium
2525 2199 2593 2267 et
2632 2198 2942 2266 constitu-

471 2311 721 2379 tionum
770 2312 1173 2379 Summorum
1218 2310 1605 2377 Pontificum
1650 2307 2017 2376 Alexandri
2062 2308 2154 2375 IV
2157 2356 2196 2391 .,
2242 2306 2492 2374 Urbani
2536 2305 2649 2373 IV.
2698 2308 2764 2372 et

1367 2416 1717 2485 Clementis
1763 2416 1875 2482 IV.

468 2579 700 2644 Glossa
731 2581 848 2644 aut
878 2580 1132 2645 lectura
1162 2600 1277 2644 seu
1311 2577 1817 2644 commentarius
1847 2575 2300 2660 praefatarum
2338 2574 2793 2640 collectionum
2830 2574 2942 2638 de-

286 2677 628 2743 cretalium
646 2679 1012 2744 Alexandri
1030 2678 1145 2744 IV.
1150 2729 1169 2762 ,
1196 2679 1441 2744 Urbani
1460 2677 1579 2743 IV.
1608 2679 1676 2742 et
1704 2677 2035 2741 Clementis
2055 2675 2172 2740 IV.
2202 2674 2489 2740 existere
2513 2694 2643 2738 non
2661 2673 2941 2739 videtur.

464 2777 540 2841 Id
587 2777 759 2858 quod
805 2797 936 2841 non
969 2776 1180 2841 solum
1209 2775 1360 2840 inde
1390 2775 1693 2853 infertur,
1744 2774 1916 2856 quod
1946 2773 2280 2854 hucusque
2309 2771 2559 2837 nullum
2588 2771 2945 2852 vestigium

287 2874 657 2958 hujusmodi
702 2873 917 2957 operis
952 2874 1294 2940 inventum
1325 2878 1446 2953 est,
1496 2871 1613 2938 sed
1645 2871 1845 2938 etiam
1876 2870 2028 2935 inde
2060 2870 2407 2952 colligitur,
2458 2869 2631 2952 quod
2661 2870 2947 2935 Joannes

288 2974 612 3056 Andreae,
663 2975 892 3037 auctor
936 2973 1197 3053 glossae
1245 2971 1614 3037 ordinariae
1659 2972 1851 3035 Libri
1888 2971 2083 3052 Sexti,
2133 2967 2242 3051 qui
2287 2968 2356 3032 in
2400 2968 2524 3034 hac
2581 2967 2804 3049 glossa
2863 2966 2949 3032 ad

287 3071 436 3135 illas
484 3071 867 3149 decretaleS,
917 3091 1086 3153 quae
1125 3071 1265 3154 jam
1308 3070 1491 3154 prius
1511 3120 1525 3148 ‚
1589 3089 1785 3151 quam
1831 3068 1900 3132 in
1944 3067 2212 3131 Librum
2260 3066 2534 3132 Sextum
2578 3064 2948 3131 insereren-

287 3172 400 3236 tur
415 3220 429 3247 ,
492 3170 826 3251 glossatae
884 3169 993 3233 vel
1053 3167 1521 3234 commentario
1584 3167 1983 3250 explanatae
2030 3168 2253 3243 erant,
2314 3164 2506 3248 hujus
2560 3162 2949 3246 antiquioris

290 3269 550 3352 glossae
609 3268 717 3332 vel
778 3266 1230 3332 commentarii
1289 3287 1547 3349 semper
1607 3268 1915 3331 accurate
1973 3261 2271 3328 meminit
2289 3312 2303 3340 ‚
2367 3262 2450 3327 ad
2496 3261 2949 3346 praefatorum

292 3366 703 3451 Summorum
749 3365 1138 3431 Pontificum
1185 3363 1548 3430 decretales
1567 3413 1581 3442 ‚
1642 3363 1710 3427 in
1756 3362 1994 3427 librum
2042 3361 2317 3445 Sextum
2362 3361 2609 3443 relatas
2628 3409 2642 3437 ,
2709 3358 2950 3425 nullius

289 3464 658 3548 hujusmodi
704 3465 966 3546 glossae
1012 3465 1128 3528 aut
1175 3461 1626 3527 commentarii
1669 3460 1778 3525 vel
1814 3459 2151 3524 minimam
2187 3457 2587 3525 mentionem
2629 3458 2792 3523 facit
2815 3455 2857 3523 ⁷.

469 3563 947 3628 Tantummodo
996 3563 1261 3627 Summa
1322 3560 1642 3642 quaedam
1704 3559 1787 3623 ad
1846 3557 2192 3623 nonnullas
2252 3555 2753 3621 constitutiones
2813 3554 2950 3621 dic-

289 3665 508 3727 torum
552 3660 964 3726 Summorum
1005 3658 1393 3724 Pontificum
1434 3657 1707 3722 inventa
1749 3659 1871 3734 est,
1915 3654 2222 3722 videlicet
2257 3653 2326 3718 in
2367 3675 2503 3737 reg.
2547 3653 2699 3719 bibl.
2743 3654 2949 3737 palat.

291 3757 546 3824 Monac.
597 3758 818 3824 codice
864 3779 983 3824 ms,
1035 3756 1178 3837 (lat.
1226 3778 1289 3822 n.
1342 3757 1522 3838 213.)
1539 3754 1584 3821 ⁸.

477 3918 492 3948 ¹
533 3914 683 3980 Quae
720 3913 1035 3968 constitutio
1063 3913 1190 3966 data
1217 3916 1304 3966 est
1326 3913 1421 3966 III.
1459 3912 1538 3966 Id.
1565 3911 1805 3980 Augusti
1830 3910 2030 3965 Pontif.
2069 3928 2117 3965 a.
2146 3910 2213 3974 3„
2250 3909 2286 3963 i.
2326 3926 2371 3963 0.
2412 3908 2499 3962 die
2527 3907 2610 3962 11.
2637 3909 2779 3975 Aug.
2810 3908 2953 3962 1264

298 3993 578 4063 (Potthast,
603 3995 845 4061 Regesta
869 3993 1086 4047 Pontiff.
1113 3993 1342 4057 Romm.,
1369 3993 1476 4046 vol.
1498 3992 1565 4046 H.
1593 4010 1644 4062 p.
1668 3992 1825 4046 1538.
1851 4009 1904 4046 n.
1934 3989 2173 4059 18998.)‚
2201 4005 2373 4059 eaque
2398 3988 2550 4059 Papa
2575 3990 2825 4043 Urbanus
2849 3990 2951 4043 IV.

291 4074 634 4145 patriarchis,
671 4073 1107 4143 archiepiscopis,
1147 4072 1414 4143 episcopis
1439 4075 1496 4126 et
1527 4071 1650 4127 aliis
1690 4070 2043 4126 ecclesiarum
2080 4069 2342 4140 praelatis
2377 4069 2637 4129 notificat.
2678 4086 2738 4121 80
2762 4069 2831 4122 ad
2858 4086 2952 4122 ex·

292 4155 610 4209 altationem
649 4153 948 4209 catholicae
985 4152 1112 4207 fidei
1148 4170 1383 4207 annuam
1421 4151 1783 4206 festivitatem
1821 4168 1941 4205 cum
1978 4151 2191 4205 Octava
2228 4148 2570 4203 Sanctissimi
2608 4148 2859 4218 Corporis
2895 4152 2956 4203 et

291 4235 586 4303 Sanguinis
623 4236 969 4289 statuendam
1008 4234 1229 4288 duxisse
1267 4237 1325 4288 et
1361 4234 1429 4287 ad
1466 4233 1568 4287 1100
1607 4232 1925 4300 designasse
1974 4230 2167 4285 feriam
2207 4231 2452 4299 quintam
2488 4229 2791 4300 proximam
2828 4233 2955 4300 post

294 4315 561 4371 Octavam
598 4316 973 4378 Pentecostes‚
1019 4317 1351 4404 cunctosque
1387 4312 1666 4377 hortatur,
1704 4316 1769 4366 ut
1805 4329 1926 4366 eam
1964 4312 2158 4365 devote
2197 4311 2471 4364 celebrent
2507 4309 2740 4377 singulis
2777 4308 2953 4374 annis,

295 4413 360 4449 ac
396 4396 579 4465 plures
615 4395 986 4462 indulgentias
1024 4394 1272 4448 concedit
1307 4393 1392 4458 118,
1432 4392 1526 4461 qui
1550 4392 1755 4446 Missae
1793 4395 1850 4446 et
1887 4390 2068 4446 divino
2108 4390 2301 4445 Officio
2339 4389 2701 4454 interfuerint,
2738 4389 2859 4443 sive
2894 4389 2954 4443 111

296 4474 398 4541 die,
435 4474 554 4529 sive
590 4475 648 4529 in
686 4476 915 4529 decursu
954 4474 1213 4527 Octavae.

475 4557 496 4589 ²
530 4555 631 4609 Die
666 4555 1006 4620 Decretalen,
1043 4553 1079 4608 l.
1119 4571 1164 4608 c.
1204 4570 1255 4624 p.
1297 4552 1417 4607 714.
1601 4553 1622 4588 ⁸
1658 4552 1718 4605 L.
1758 4569 1805 4605 0.
1844 4568 1894 4621 p.
1936 4552 2056 4605 714.
2093 4567 2177 4619 sq.

471 4636 499 4671 ⁴
531 4635 591 4689 L.
631 4653 676 4689 0.
715 4653 766 4706 p.
807 4636 926 4689 715.
1110 4636 1132 4670 ⁵
1167 4634 1248 4687 De
1287 4650 1392 4701 quo
1429 4633 1527 4687 cfr.
1569 4633 1783 4686 Schulte
1818 4630 1854 4684 1.
1894 4649 1939 4685 c.
1979 4632 2191 4701 p.*724.
2231 4647 2313 4699 sq.

475 4716 496 4751 ⁶
532 4715 591 4769 L.
631 4733 676 4769 c.
715 4734 765 4785 p.
807 4716 926 4769 715.
965 4732 1085 4784 sqq.
1607 4715 1625 4747 '¹
1663 4711 1773 4766 cfr.
1815 4712 2027 4765 Schulte
2061 4711 2097 4765 l.
2137 4729 2183 4766 0.
2222 4729 2273 4780 p.
2314 4711 2433 4764 774.
2472 4725 2555 4779 sq.

477 4797 497 4831 ⁸
532 4795 613 4849 De
654 4813 758 4864 quo
797 4796 894 4849 cfr.
935 4795 1180 4863 Phillips,
1219 4792 1630 4857 Kirchenrecht,
1666 4810 1721 4862 p.
1759 4791 1880 4845 523.
1920 4807 2039 4860 sqq.
2058 4811 2079 4856 ;-
2111 4792 2323 4845 Schulte
2358 4790 2394 4844 1.
2434 4806 2479 4844 c.
2517 4808 2568 4861 p.
2610 4789 2730 4844 781.
2769 4807 2890 4858 sqq.
