3355 5328
271 328 379 384 270
865 327 1169 398 Appendix.
1244 328 1576 383 Introductio
1613 328 1671 382 in
1710 328 1865 399 Coi-p.
1901 329 2008 400 jur.
2047 329 2154 384 ciV.
2192 348 2323 384 rom.

1050 503 1089 589 ξ
1137 501 1240 570 26.
1332 504 1772 572 Authenticae
1822 504 2075 572 Codicis
2107 505 2148 571 ¹.

452 667 657 733 Porro
704 665 989 750 praefati
1036 667 1437 748 glossatores
1457 717 1471 743 ,
1536 669 1605 732 et
1649 665 2042 749 praesertim
2104 666 2365 749 quidem
2411 670 2707 735 Irnerius
2720 721 2740 753 ,
2805 669 2941 735 illis

271 764 526 846 legibus
585 764 738 830 novi
787 764 1038 830 Codicis
1084 764 1482 830 Justinianei
1502 758 1544 842 ,⁴
1586 785 1756 846 quae
1813 784 1935 848 per
1978 764 2296 831 Novellas
2341 766 2770 851 Imperatoris
2815 768 2938 832 Ju-

273 863 540 928 stiniani
587 863 1002 946 aliquatenus
1046 866 1346 928 mutatae
1394 866 1568 939 sunt,
1616 883 1705 927 ex
1734 861 1836 927 his
1882 862 2041 946 ipsis
2072 863 2138 928 N
2142 864 2371 929 ovellis
2418 886 2500 931 ea
2538 864 2936 947 fragmenta,

272 961 504 1044 quibus
551 964 732 1027 recte
777 960 943 1026 haec
986 960 1267 1026 mutatio
1301 960 1694 1039 continetur,
1744 961 2204 1028 adnexuerunt
2230 959 2273 1028 ².
2339 962 2519 1039 Quae
2558 962 2939 1045 fragmenta

271 1059 527 1141 legibus
573 1059 825 1125 Codicis
870 1059 969 1125 ita
1015 1059 1293 1136 adnexa,
1343 1058 1580 1142 quippe
1628 1079 1797 1140 quae
1844 1080 1930 1123 ex
1975 1061 2390 1144 AuthenticiS,
2440 1060 2481 1127 i.
2533 1081 2588 1128 e.
2637 1061 2939 1127 Novellis

268 1157 313 1223 J
315 1157 627 1223 ustiniani
670 1157 1096 1242 Imperatoris
1143 1156 1287 1239 (cfr.
1338 1178 1541 1241 supra
1581 1178 1644 1241 p.
1698 1157 1878 1240 256.)
1903 1207 1917 1234 ,
1978 1159 2219 1224 hausta
2266 1163 2507 1237 essent,
2558 1159 2735 1226 dicta
2781 1164 2942 1226 sunt

272 1257 690 1322 Authenticae
715 1252 759 1341 ³,
822 1259 892 1322 et
957 1255 1217 1337 quidem
1278 1256 1697 1321 Authenticae
1759 1257 2009 1321 Codicis
2026 1307 2046 1340 ,
2109 1256 2263 1338 quia
2321 1257 2628 1323 videlicet
2686 1257 2754 1323 in
2813 1258 2942 1324 00-

274 1353 415 1418 dice
461 1354 857 1420 referuntur.

449 1452 525 1516 Id
571 1452 783 1536 ipsum
832 1451 989 1518 dicti
1036 1452 1440 1533 glossatores
1471 1450 1773 1517 fecerunt
1805 1451 2006 1517 etiam
2039 1452 2119 1517 de
2152 1451 2403 1518 duabus
2450 1453 2940 1520 constitutioni-

270 1550 393 1614 bus
440 1549 864 1634 Imperatoris
910 1548 1575 1630 romano-germanici
1623 1550 1950 1615 Friderici
1995 1551 2049 1616 Ι.
2100 1548 2600 1634 (1152-1190)
2623 1603 2637 1630 ,
2702 1553 2936 1632 altera,

274 1668 441 1730 quae
474 1648 732 1731 incipit:
767 1649 1034 1730 Habita,
1068 1670 1128 1713 a.
1163 1649 1331 1711 1158
1362 1647 1431 1712 in
1464 1647 1743 1712 comitiis
1773 1647 2315 1714 Roncaliensibus
2345 1649 2415 1715 in
2445 1649 2744 1716 favorem
2772 1650 2939 1716 Uni-

273 1745 612 1812 versitatis
644 1745 1074 1811 Bononiensis
1121 1745 1300 1811 edita
1319 1744 1365 1824 ⁴,
1414 1748 1484 1811 et
1530 1746 1762 1823 altera,
1812 1746 1995 1830 cujus
2041 1746 2298 1813 initium
2330 1751 2467 1814 est:
2515 1751 2940 1815 Sacramenta

266 1846 600 1928 puberum,
649 1849 722 1910 ut
768 1844 1049 1921 videtur,
1092 1845 1231 1927 J‘am
1279 1865 1336 1909 a.
1393 1845 1561 1908 1155
1613 1843 1853 1910 emissa
1872 1844 1919 1923 ⁵,
1968 1848 2168 1927 atque
2216 1845 2296 1910 de
2344 1846 2643 1912 undecim
2691 1846 2938 1913 consti·
3050 1859 3058 1866 '

271 1942 669 2021 tutionibus,
737 1944 845 2007 vel
889 1943 1108 2025 potius
1155 1942 1456 2007 undecim
1500 1942 1799 2026 partibus
1859 1943 2050 2008 unius
2109 1943 2595 2012 constitutionis
2640 1946 2939 2029 Impera-

268 2039 433 2106 toris
467 2042 791 2106 Friderici
821 2042 911 2106 ΙΙ.
931 2065 952 2105 .·
997 2041 1078 2106 In
1128 2043 1231 2106 die
1263 2040 1439 2119 (Hac
1472 2041 1776 2120 edictali),
1828 2062 2024 2123 quam
2069 2041 2180 2108 ille
2224 2042 2294 2108 in
2341 2042 2445 2108 die
2492 2043 2939 2110 coronationis

270 2159 448 2216 suae,
496 2138 803 2205 videlicet
851 2142 954 2205 22.
990 2138 1161 2205 Nov.
1202 2140 1392 2215 1220,
1441 2138 1508 2202 in
1550 2137 1851 2204 favorem
1893 2139 2230 2204 Ecclesiae
2278 2140 2574 2207 ediderat
2620 2145 2689 2207 et
2736 2163 2936 2224 quam

271 2237 665 2303 Doctoribus
697 2237 1215 2303 Bononiensibus
1248 2236 1465 2302 Codici
1496 2237 1538 2301 J
1541 2236 1909 2302 ustinianeo
1954 2236 2368 2303 inserendam
2398 2239 2861 2306 transmiserat
2888 2237 2935 2307 ⁶.

452 2335 671 2417 Atque
719 2335 919 2402 etiam
964 2336 1198 2401 harum
1231 2334 1771 2400 constitutionum
1803 2335 2197 2417 fragmenta,
2245 2336 2500 2419 legibus
2541 2337 2792 2403 Codicis
2837 2337 2940 2404 ita

276 2432 555 2517 adnexa,
605 2433 761 2499 licet
808 2433 1311 2500 constitutiones
1341 2432 1512 2498 istae
1559 2452 1795 2516 reapse
1824 2433 2243 2500 Authenticae
2273 2456 2405 2500 non
2451 2435 2603 2515 sint,
2650 2437 2937 2502 Authen-

272 2533 450 2615 ticae,
501 2534 569 2596 et
616 2531 876 2613 quidem
923 2533 1436 2614 Fridericianae,
1487 2530 1613 2595 dici
1659 2531 1894 2610 solent,
1944 2531 2118 2597 forte
2163 2532 2332 2610 ideo,
2383 2533 2536 2615 quia
2580 2534 2734 2600 illae
2780 2554 2938 2599 con-

272 2628 650 2696 stitutiones
694 2630 832 2714 jam
880 2629 1132 2714 pridem
1152 2680 1166 2707 ,
1231 2632 1299 2695 et
1345 2629 1605 2712 quidem
1651 2630 1734 2695 ab
1781 2630 2100 2715 Huyolino
2148 2633 2227 2697 de
2270 2633 2685 2718 Presbyter-2⁶8,
2734 2654 2938 2718 supra

271 2724 360 2811 (p.
398 2728 577 2810 269.)
623 2729 912 2806 laudato,
963 2728 1030 2793 in
1077 2728 1505 2793 Collationem
1554 2728 1872 2793 decimam
1918 2730 2285 2795 Authentici
2329 2729 2620 2796 insertae
2667 2736 2858 2798 erant
2887 2730 2932 2799 ⁷.

448 2825 801 2892 Praefatae
846 2827 1262 2892 Authenticae
1322 2825 1523 2892 etiam
1569 2827 1904 2908 glossatae
1951 2830 2019 2892 et
2064 2831 2381 2910 tanquam
2434 2832 2660 2912 partes
2705 2833 2937 2895 textus

271 2922 522 2989 Codicis
570 2927 918 3008 reputatae
965 2927 1119 2990 sunt
1141 2923 1184 2990 ⁸.

451 3021 631 3098 Quae
676 3022 1118 3089 Authenticae
1178 3022 1248 3087 in
1291 3022 1766 3089 recentioribus
1814 3022 2205 3088 editionibus
2253 3023 2507 3090 Codicis
2551 3026 2938 3109 plerumque

270 3119 416 3184 aliis
478 3140 673 3201 quam
732 3120 1022 3202 reliquus
1068 3119 1320 3186 Codicis
1365 3124 1595 3186 textus
1640 3120 2016 3186 litterarum
2062 3121 2291 3187 formis
2349 3122 2710 3207 impressae
2756 3127 2931 3191 sunt.

268 3285 438 3339 schen
474 3286 709 3351 Rechts,
761 3286 794 3353 ἓ
832 3288 918 3342 80.
956 3290 1086 3341 tom.
1124 3288 1166 3342 I.
1205 3306 1256 3357 p.
1296 3288 1381 3341 87.
1422 3315 1488 3325 —
1527 3287 1696 3340 Porro
1748 3290 1932 3340 autem
1968 3286 2134 3341 etiam
2171 3288 2407 3357 praefati
2443 3291 2569 3342 Duo
2606 3291 2769 3343 Libri
2813 3292 2936 3356 feu-

271 3367 468 3418 dorum
480 3408 496 3435 ,
552 3365 635 3420 uti
684 3366 743 3420 in
792 3367 1120 3421 Bononiensi
1157 3366 1530 3422 Universitate
1580 3366 1795 3437 publice
1845 3367 2004 3431 lecti,
2054 3366 2135 3422 ita
2186 3367 2352 3421 etiam
2399 3371 2620 3436 ⁸qloseati
2670 3371 2825 3435 sunt,
2879 3374 2938 3424 et

272 3444 489 3513 quidem
514 3445 763 3515 primum,
801 3450 865 3500 ut
888 3446 1123 3510 videtur,
1162 3465 1194 3500 a
1223 3449 1401 3515 Pinio,
1439 3464 1604 3516 supra
1629 3449 1946 3510 memorate,
1974 3447 2166 3500 deinde
2193 3448 2261 3501 ab
2288 3447 2428 3511 aliis,
2467 3451 2524 3502 et
2546 3448 2690 3502 inter
2715 3448 2814 3503 hos
2840 3467 2933 3502 no·

269 3525 519 3579 minatim
556 3544 588 3579 a
626 3529 827 3580 Jacobo
870 3529 1112 3580 Columbi
1150 3528 1483 3596 (Columbo),
1523 3526 1617 3595 qui
1652 3526 1826 3597 primo
1866 3526 2085 3581 dimidio
2122 3545 2265 3582 saec.
2292 3527 2439 3582 XIII.
2477 3529 2662 3582 floruit
2699 3532 2755 3583 et
2790 3547 2933 3583 com·

270 3605 478 3674 pletum
516 3609 839 3676 apparatum
877 3607 1185 3674 glossarum
1221 3607 1290 3660 ad
1327 3606 1666 3676 praedictum
1703 3624 1840 3676 opus
1878 3606 2180 3676 composuit
2221 3606 2485 3676 (Saviyny
2533 3608 2569 3662 l.
2609 3626 2654 3662 6.
2692 3611 2822 3662 tom.
2862 3609 2930 3663 V.

269 3704 320 3755 p.
361 3687 446 3739 93.
486 3703 636 3754 sqq.;
676 3689 976 3755 Laspeyres
1011 3687 1047 3740 1.
1088 3704 1132 3741 6.
1172 3705 1222 3756 p.
1251 3687 1372 3741 363.
1412 3704 1562 3755 sqq.;
1601 3705 1653 3757 p.
1696 3687 1815 3741 375.
1855 3704 1974 3755 sqq.
2015 3689 2071 3740 et
2107 3705 2158 3756 p.
2197 3687 2318 3742 284.
2359 3687 2525 3756 sqq.),
2570 3706 2731 3756 quem
2769 3706 2933 3758 appa-

268 3769 446 3820 ratum
488 3765 679 3819 deinde
709 3770 1019 3835 AccursiuS,
1059 3767 1186 3819 dum
1224 3769 1547 3836 apparatum
1584 3767 1895 3834 glossarum
1932 3767 2000 3819 ad
2041 3765 2247 3837 Corpus
2279 3767 2421 3837 juris
2458 3767 2654 3832 civilis,
2694 3767 2782 3822 cui
2813 3768 2931 3838 jam

267 3845 504 3915 praefati
539 3846 687 3900 Libri
723 3847 1006 3901 feudorum
1043 3846 1234 3900 inserti
1271 3849 1429 3901 erant
1470 3846 1591 3915 (cfr.
1630 3864 1797 3917 supra
1833 3864 1885 3916 p.
1925 3847 2047 3901 269.
2085 3850 2195 3901 not.
2234 3846 2331 3915 2.),
2369 3848 2696 3912 adornabat,
2746 3866 2931 3902 recen-

269 3925 383 3980 suit
419 3929 476 3979 et
512 3944 541 3979 e
579 3930 733 3996 parte
771 3926 1106 3980 reformavit.
1188 3926 1320 3995 (Gfr.
1360 3929 1661 3995 Laspeyres
1698 3927 1733 3980 l.
1774 3945 1820 3982 c.
1859 3945 1909 3996 p.
1952 3927 2071 3981 396.
2111 3926 2256 3996 sqq.)
2318 3984 2326 3992 ,

452 4011 467 4041 ¹
507 4008 706 4059 Be'ener
719 4047 734 4075 ,
786 4006 1030 4060 Historia
1067 4006 1521 4061 authenticarum.
1595 4006 1744 4077 Lips.
1787 4008 1952 4070 1807;
2003 4009 2256 4076 Saviyny,
2296 4006 2641 4062 Geschichte
2663 4008 2758 4061 des
2793 4014 2929 4062 rom.

269 4085 473 4140 Rechts
510 4086 585 4138 im
622 4086 962 4152 Mittelalter,
999 4090 1127 4141 tom.
1168 4087 1261 4141 III.
1301 4105 1352 4156 p.
1393 4088 1515 4141 527.
1554 4105 1706 4155 sqq.;
1744 4090 1874 4141 tom.
1914 4088 2007 4141 IV.
2046 4105 2098 4157 p.
2136 4088 2223 4141 42.
2262 4105 2383 4156 sqq.

451 4169 470 4201 ²
509 4168 745 4235 Saviqny
780 4167 817 4220 1.
857 4185 902 4221 6.
942 4185 993 4236 p.
1032 4168 1118 4220 42.
1155 4185 1274 4236 sqq.
1339 4168 1488 4233 Quae
1526 4168 1836 4235 fragmenta
1873 4167 2107 4238 primum
2142 4167 2200 4220 in
2235 4167 2483 4235 margine
2523 4167 2734 4222 Codicis
2765 4167 2930 4238 juxta

266 4246 419 4299 illam
454 4247 633 4314 legem
671 4248 1010 4317 ponebantur
1025 4289 1038 4310 ,
1089 4247 1265 4300 serius
1315 4249 1498 4300 autem
1547 4246 1655 4316 ipsi
1692 4246 1872 4300 textui
1911 4246 2123 4301 Codicis
2172 4249 2298 4316 post
2346 4247 2712 4317 respectivam
2748 4247 2930 4315 legem

267 4327 473 4381 inserta
512 4331 654 4382 sunt.
708 4328 817 4383 Cfr.
859 4329 1095 4395 Saviqny
1131 4327 1166 4381 l.
1208 4346 1252 4381 c.
1291 4330 1420 4381 tom.
1460 4327 1554 4380 ΙΙΙ.
1594 4344 1645 4396 p.
1687 4327 1809 4382 528.
1844 4344 1957 4395 sq.;
1995 4329 2232 4395 Krilqer,
2272 4326 2600 4382 Geschichte
2638 4329 2733 4382 der
2769 4327 2931 4393 Quel-

268 4405 357 4460 len
394 4408 504 4460 und
541 4407 844 4461 Litteratur
882 4408 977 4461 des
1014 4413 1146 4460 16111.
1186 4406 1409 4470 Rechts,
1447 4424 1498 4476 p.
1539 4406 1660 4459 385.

449 4490 469 4525 ³
509 4489 745 4556 Saviqny
781 4488 817 4542 l.
858 4506 904 4542 6.
943 4506 994 4557 p.
1035 4487 1154 4541 529.
1183 4504 1303 4555 sqq.
1484 4487 1507 4522 ⁴
1546 4487 1784 4555 Saviyny
1819 4486 1856 4557 l.
1896 4504 1942 4540 0.
1980 4504 2031 4556 p.
2072 4486 2192 4540 531.
2232 4486 2354 4541 6011.
2391 4504 2443 4556 p.
2487 4486 2605 4542 168.
2644 4504 2762 4555 sqq.

449 4570 469 4603 ⁵
509 4570 747 4637 Saviqny
783 4569 819 4622 l.
860 4586 906 4622 0.
944 4571 1074 4622 tom.
1114 4568 1207 4621 IV.
1246 4586 1298 4636 p.
1342 4567 1459 4622 183.
1498 4583 1618 4634 sqq.

448 4650 470 4684 ὃ
509 4651 744 4717 Saviyny
780 4649 816 4703 1.
857 4666 901 4702 6.
940 4652 1069 4702 tom.
1110 4648 1202 4701 III.
1247 4665 1298 4717 p.
1338 4648 1459 4701 532.
1513 4646 1635 4701 coll.
1673 4665 1726 4716 p.
1766 4648 1888 4701 511.
1928 4664 2066 4719 sqq..
2125 4646 2234 4701 cfr.
2273 4664 2437 4717 supra
2474 4665 2526 4717 p.
2569 4647 2687 4701 123.
2725 4650 2835 4701 not.
2875 4648 2928 4701 2.

447 4731 466 4763 '¹
508 4731 744 4797 Saviqny
780 4729 816 4783 l.
856 4747 901 4783 c.
941 4747 992 4798 p.
1033 4729 1153 4783 532.
1194 4745 1274 4796 sq.
1353 4727 1461 4782 Cfr.
1501 4745 1667 4797 supra
1705 4746 1756 4797 p.
1797 4727 1919 4781 269.
1959 4729 2069 4780 not.
2108 4728 2158 4780 2.

449 4809 470 4844 ⁸
510 4811 748 4879 Saviyny
784 4810 820 4863 l.
859 4827 905 4863 6.
943 4828 995 4879 p.
1036 4809 1157 4863 527.
1197 4827 1348 4877 sqq.;
1387 4810 1610 4875 Km‘lqer
1645 4807 1683 4861 1.
1723 4825 1768 4862 6.
1807 4825 1858 4877 p.
1899 4808 2019 4862 385.
