3355 5328
382 301 490 355 254
978 301 1283 372 Appendix.
1358 302 1690 357 Introductio
1728 302 1785 356 in
1824 302 1979 373 Corp.
2012 303 2119 374 jur.
2159 304 2263 358 civ.
2302 322 2434 358 rom.

380 464 635 548 positae
681 468 835 532 sunt
880 465 1381 532 constitutiones
1398 513 1413 542 ,
1477 463 1557 529 de
1602 462 1921 547 personis,
1969 463 2165 529 rebus
2212 468 2280 531 et
2326 463 2541 530 causis
2600 462 3048 529 saecularibus

378 563 861 648 praecipientes
891 561 933 630 ¹.

559 661 1168 741 ConstitutionibuS,
1217 682 1385 745 quae
1414 660 1483 725 in
1515 659 1790 742 singulis
1821 659 2035 726 titulis
2064 659 2323 744 positae
2354 663 2508 726 sunt
2540 664 2608 727 et
2640 680 2808 742 quae
2841 659 3048 725 etiam

379 762 538 844 leyes
585 758 712 823 dici
757 761 1000 838 solent,
1052 760 1133 826 de
1177 759 1411 842 regula
1454 760 1822 843 praefixum
1868 761 1972 824 est
2018 779 2257 823 nomen
2302 758 2729 841 Imperatoris
2748 808 2762 836 ,
2814 781 2856 822 a
2900 779 3044 843 quc,

377 876 498 921 nec
544 877 674 921 non
722 858 860 941 ejus
905 879 1244 942 personae,
1295 857 1380 922 ad
1412 878 1608 939 quam
1651 856 1800 940 ipsa
1831 857 2213 923 constitutio
2247 856 2694 938 originetenus
2727 856 2886 923 data
2917 858 3044 935 est,

378 976 509 1019 non
556 955 971 1022 obstantibus
1001 955 1493 1033 mutationibus,
1543 976 1707 1037 quas
1752 954 1822 1019 in
1853 975 2079 1020 earum
2110 959 2302 1022 textu
2335 955 2806 1039 compositores
2850 955 3047 1046 hujus

380 1052 631 1119 Codicis
679 1074 765 1118 ex
808 1053 1237 1137 Imperatoris
1297 1052 1697 1120 auctoritate
1743 1051 2042 1119 fecerant
2069 1050 2113 1119 ².
2206 1053 2284 1118 In
2328 1054 2458 1118 fine
2519 1055 2741 1119 autem
2796 1052 3047 1118 eisdem

380 1151 954 1218 constitutionibus
1014 1155 1089 1217 ut
1148 1151 1497 1235 plurimum
1558 1151 1975 1234 subjungitur
2035 1151 2375 1217 adnotatio
2436 1155 2553 1217 loct
2609 1155 2677 1218 et
2723 1153 3042 1237 temporie,

379 1270 506 1332 quo
545 1249 989 1332 originetenus
1038 1250 1255 1315 editae
1301 1248 1589 1327 fuerunt,
1639 1248 1937 1332 exceptis
1968 1249 2316 1327 nonnullis,
2365 1249 2434 1314 in
2467 1249 2699 1333 quibus
2729 1250 2894 1314 haec
2924 1249 3045 1315 ad-

379 1347 634 1413 notatio
668 1348 885 1425 deest3
936 1368 1105 1429 quae
1133 1347 1405 1431 proinde
1437 1350 1679 1428 gerunt
1708 1346 2281 1430 subscriptionem:
2321 1349 2477 1413 Sine
2509 1350 2612 1414 die
2645 1356 2699 1413 et
2730 1350 2981 1413 consule
2996 1346 3042 1414 ³.

558 1446 634 1510 In
680 1446 896 1529 specie
941 1445 1286 1529 praefatae
1333 1444 1808 1527 quinquaginta
1856 1447 2199 1511 decisiones
2240 1446 2284 1511 J
2285 1445 2599 1511 ustiniani
2645 1445 2791 1527 (cfr.
2842 1466 3045 1529 supra

380 1565 443 1626 p.
496 1542 675 1625 252.)
723 1547 1067 1629 inscriptae
1110 1543 1207 1609 ita
1252 1547 1438 1608 sunt:
1495 1544 1949 1624 „Justinianus
1994 1545 2262 1609 ,Iuliano
2307 1545 2383 1610 P.
2432 1543 2549 1609 P.“
2581 1541 2626 1622 ⁴,
2687 1545 2829 1609 vel:
2885 1544 3045 1626 „Ju-

380 1644 703 1706 stinianns
748 1642 994 1708 Joanni
1040 1643 1116 1708 P.
1165 1640 1282 1707 P.“
1381 1641 1792 1726 Subscriptae
1837 1644 2057 1707 autem
2118 1641 2346 1708 taliter
2391 1646 2577 1709 sunt:
2649 1642 3045 1725 „Lampadio

381 1744 449 1806 et
497 1738 732 1806 Oreste
780 1740 992 1806 Coss.“
1064 1738 1202 1821 (qui
1262 1741 1365 1804 est
1411 1760 1469 1804 a.
1522 1739 1713 1820 530),
1775 1740 1915 1804 vel:
1988 1740 2182 1816 „Post
2229 1740 2650 1806 Consulatum
2699 1739 3048 1823 Lampadii

381 1841 449 1902 et
481 1836 737 1904 Orestis
783 1860 842 1904 a.
882 1840 975 1903 1.“
1033 1836 1170 1920 (qui
1217 1842 1320 1903 est
1367 1858 1425 1903 a.
1477 1836 1656 1919 531),
1704 1838 1847 1902 vel:
1905 1838 2099 1916 „Post
2132 1838 2556 1905 Consulatum
2585 1838 2927 1922 Lampadii
2975 1841 3044 1905 et

381 1935 636 2002 Orestis
683 1957 741 2002 a.
793 1938 891 2002 2.“
949 1934 1086 2018 (qui
1134 1939 1237 2001 est
1284 1956 1343 2001 a.
1394 1933 1553 2017 532)
1576 1934 1620 2001 ⁵.

559 2033 1075 2100 Constitutiones
1120 2033 1451 2114 longiores
1498 2032 1873 2098 subdivisae
1921 2037 2075 2099 sunt
2120 2034 2188 2098 in
2217 2033 2606 2118 principium
2637 2033 2792 2118 (pr.)
2841 2037 2909 2100 et
2941 2033 3040 2116 ἐξ,

376 2131 474 2197 uti
521 2153 721 2215 supra
768 2133 846 2197 de
892 2132 1285 2214 fragmentis
1332 2152 1448 2197 seu
1494 2131 1749 2212 legibus
1795 2131 2219 2213 Digestorum
2267 2133 2689 2199 observatum
2722 2137 2843 2198 est.

558 2238 814 2306 Citatur
872 2239 1092 2304 Codex
1145 2238 1255 2303 ille
1316 2238 1487 2321 apud
1529 2238 2032 2322 jurisconsultos
2093 2241 2481 2325 antiquiores
2535 2239 2665 2306 ita:
2725 2240 2798 2305 L.
2847 2238 3046 2305 Anti-

377 2345 623 2412 stitem.
674 2346 739 2412 C.
789 2346 893 2411 Ne
940 2350 1148 2412 sanct.
1198 2344 1504 2428 baptism.
1553 2345 1772 2412 iteret.

556 2444 827 2509 Numeri
872 2444 1023 2508 libri
1070 2448 1138 2509 et
1183 2443 1393 2521 tituli,
1456 2443 1541 2508 ad
1589 2465 1752 2526 quos
1812 2444 1994 2508 locus
2044 2444 2286 2510 citatus
2331 2444 2620 2528 pertinet
2638 2494 2652 2522 ,
2713 2444 2782 2509 in
2826 2443 3042 2509 indice

375 2541 784 2607 rubricarum
830 2542 1172 2607 titulorum
1220 2542 1450 2607 eodem
1494 2542 1689 2607 modo
1738 2541 2089 2624 quaerendi
2137 2547 2320 2620 sunt,
2377 2541 2475 2608 uti
2520 2563 2719 2625 supra
2763 2542 2888 2606 hoc
2934 2562 3043 2606 re-

376 2644 604 2724 spectu
654 2640 733 2706 de
780 2639 1076 2723 Digestis
1123 2644 1191 2706 et
1237 2639 1770 2706 Institutionibus
1817 2643 2117 2707 notatum
2166 2644 2287 2707 est.
2366 2641 2444 2706 In
2487 2640 2701 2706 indice
2747 2639 3043 2705 rubrica-

557 2853 575 2885 ¹
617 2850 792 2916 Quam
831 2849 1237 2920 dispositionem
1277 2848 1490 2903 Codicis
1526 2849 1691 2920 hujus
1729 2867 1758 2903 e
1796 2867 1996 2917 magna
2033 2852 2189 2920 parte
2227 2868 2257 2904 e
2300 2849 2742 2920 dispositionibus
2781 2849 3039 2903 Codicum

379 2930 702 2999 Gregoriani
739 2934 795 2984 et
820 2930 1180 2984 Theodosiani
1218 2931 1506 2984 conflatam
1545 2948 1666 2984 esse
1704 2933 1864 3000 putat
1899 2933 2135 3000 Krilqer,
2176 2930 2503 2985 Geschichte
2542 2931 2637 2984 der
2662 2929 2892 2996 Quellen
2926 2931 3041 2984 und

376 3011 677 3065 Litteratur
715 3011 810 3064 des
846 3018 980 3064 rom.
1018 3011 1238 3075 RechtS,
1276 3029 1328 3080 p.
1368 3010 1489 3065 342.
1528 3028 1647 3078 sqq.
2691 3008 2694 3011 ’

558 3093 579 3126 ²
618 3092 859 3160 Schulte,
911 3094 974 3144 ut
1020 3091 1135 3161 jam
1172 3108 1338 3160 supra
1382 3090 1455 3160 (p.
1495 3091 1617 3144 246.
1655 3094 1767 3144 not.
1808 3092 1881 3155 7.;
1936 3091 2031 3145 cfr.
2070 3109 2122 3160 p.
2166 3089 2308 3159 138.)
2365 3091 2706 3156 notavimuS,
2764 3091 2830 3145 ob
2867 3090 3039 3144 talem

378 3171 702 3242 procedendi
737 3171 970 3236 modum,
1007 3171 1065 3224 in
1102 3171 1413 3225 adornanda
1451 3171 1768 3224 collectione
1806 3170 2161 3225 decretalium
2187 3171 2523 3238 Gregoriana
2560 3175 2855 3236 servatum,
2894 3171 3039 3242 Ray-

376 3252 636 3306 mundum
675 3252 740 3305 de
777 3251 1106 3305 Pennaforte
1143 3252 1302 3321 plane
1340 3250 1468 3305 falsi
1505 3268 1735 3318 arguere
1773 3268 1939 3305 ausus
1977 3255 2077 3306 est.

558 3335 578 3368 ³
617 3332 728 3386 cfr.
781 3352 832 3386 v.
874 3350 926 3399 g.
978 3332 1141 3403 hujus
1181 3331 1394 3385 Codicis
1444 3331 1536 3384 lib.
1575 3332 1643 3384 H.
1696 3331 1783 3385 tit.
1826 3332 1909 3385 13.
1968 3331 2057 3400 (de
2107 3330 2569 3402 procuratoribus)
2625 3332 2660 3385 l.
2700 3333 2780 3394 9.;
2835 3331 2928 3384 lib.
2970 3331 3038 3385 V.

375 3413 460 3466 tit.
501 3413 587 3466 62.
633 3412 722 3481 ((16
761 3412 1204 3466 excusationibus
1243 3410 1369 3479 etc.)
1411 3412 1448 3464 1.
1492 3413 1574 3465 19.

554 3495 579 3529 4
615 3493 656 3546 I.
696 3511 741 3546 e.
781 3492 1067 3546 Praefecto
1106 3491 1403 3546 Praetorio.
1479 3492 1533 3544 Is
1584 3491 1692 3544 fuit
1740 3491 1974 3562 primum
2023 3493 2396 3546 tantummodo
2447 3492 2757 3562 praefectus
2808 3510 2907 3546 seu
2941 3491 3037 3545 tri-

374 3573 553 3626 bunus
591 3575 822 3626 cohortis
848 3576 1258 3642 praetorianae,
1297 3572 1366 3625 ad
1403 3572 1662 3626 tuendam
1701 3575 1757 3625 et
1794 3571 2201 3626 custodiendam
2240 3590 2526 3642 personam
2562 3571 2910 3642 Imperatoris
2949 3573 3037 3626 de-

375 3653 611 3707 stinatae
629 3695 642 3717 ,
670 3648 673 3651 ’
702 3656 757 3706 et
792 3652 918 3706 hinc
956 3653 1289 3706 solummodo
1326 3651 1553 3706 militari
1589 3654 1864 3722 potestate
1899 3651 2219 3706 instructus,
2294 3651 2480 3706 Serius
2518 3652 2569 3706 ei
2606 3652 2772 3706 etiam
2811 3652 2905 3706 alii
2938 3651 3037 3705 mi-

375 3732 502 3786 lites
541 3733 745 3786 subditi
781 3735 926 3786 sunt.
977 3733 1051 3786 Et
1086 3733 1307 3786 tandem
1345 3732 1510 3786 etiam
1550 3731 1768 3786 civilem
1800 3732 2235 3803 jurisdictionem
2252 3775 2264 3797 ,
2304 3750 2531 3800 eamque
2569 3732 2783 3786 nomine
2822 3736 2878 3787 et
2914 3731 3039 3786 vice

374 3813 725 3882 Imperatoris
763 3814 1138 3876 exercendam,
1176 3812 1424 3866 obtinuit.
1500 3812 1616 3878 Quo
1652 3813 1829 3867 officio
1855 3812 2131 3867 Praefecti
2156 3813 2435 3866 Praetorio
2476 3813 2640 3867 etiam
2660 3812 3039 3883 jurisconsulti

377 3895 734 3962 Papiniantae,
774 3896 1042 3961 Uhpianus
1079 3896 1135 3946 et
1163 3895 1368 3946 Paulus
1404 3892 1580 3947 functi
1617 3896 1761 3947 sunt.
1816 3893 1924 3947 Cfr.
1963 3894 2000 3947 1.
2038 3911 2128 3946 un.
2155 3893 2220 3946 D.
2276 3894 2341 3946 de
2378 3894 2465 3948 off.
2504 3893 2762 3964 praefect.
2801 3896 3035 3962 praetor.

375 3973 416 4026 Ι.
447 3974 560 4037 11.;
588 3973 623 4026 1.
650 3974 695 4026 1.
723 3991 805 4041 sq.
846 3973 972 4028 Cod.
1001 3974 1115 4028 eod.
1137 3973 1257 4027 XII.
1283 3974 1365 4037 4.;
1393 3975 1673 4042 Karlowa,
1702 3974 1855 4027 Rom.
1883 3973 2422 4041 Rechtsgeschichte,
2451 3977 2580 4028 tom.
2607 3974 2648 4027 Ι.
2675 3992 2727 4043 p.
2755 3974 2876 4027 547.
2898 3991 3037 4042 sqq„

374 4073 424 4124 p.
465 4054 587 4108 850.
627 4071 746 4122 sqq.
764 4074 776 4117 ;
829 4056 1026 4122 Veriny
1043 4096 1059 4124 ,
1113 4053 1441 4108 Geschichte
1477 4054 1589 4106 und
1626 4053 1948 4107 Pandekten
1999 4054 2095 4107 des
2143 4052 2451 4107 romischen
2502 4054 2611 4107 und
2646 4052 2908 4121 heutigen
2944 4070 3036 4121 ge-

373 4133 588 4188 meinen
625 4133 1017 4198 Privatrechts,
1056 4152 1107 4203 p.
1147 4134 1231 4188 35.
1272 4137 1328 4187 et
1364 4134 1517 4196 238.;
1569 4135 1791 4200 Krt’tqer
1827 4134 1863 4187 1.
1904 4151 1949 4187 c.
2001 4152 2053 4203 Ρ.
2096 4133 2214 4188 106.
2254 4137 2311 4187 et
2360 4152 2410 4203 p.
2452 4133 2573 4187 277.
2648 4133 3037 4203 Imperatorem

380 4215 790 4267 Constantinum
827 4216 903 4268 M.
942 4214 1259 4287 universum
1295 4213 1588 4284 Imperium
1626 4230 1908 4267 romanum
1944 4213 2002 4266 in
2039 4216 2295 4282 quattuor
2334 4216 2713 4281 Praefecturas
2756 4212 3037 4281 (Orientis,

373 4293 596 4364 Illyrici,
634 4294 826 4348 Italiae
867 4297 923 4348 et
957 4294 1190 4362 Galliae)
1237 4294 1490 4348 divisisse
1529 4297 1586 4347 et
1623 4293 1857 4361 singulis
1895 4311 2078 4347 eorum
2120 4296 2457 4360 Praefectum
2496 4296 2776 4347 Praetorio
2814 4311 3036 4363 praepo-

373 4373 550 4427 suisse
567 4416 579 4439 ,
631 4374 758 4428 huic
809 4378 991 4429 autem
1047 4374 1379 4428 solummodo
1419 4375 1623 4427 civilem
1658 4376 1988 4443 potestatem
2026 4373 2362 4428 commisisse
2378 4417 2391 4439 ,
2441 4374 2732 4428 militarem
2771 4375 3035 4441 Mayistro

372 4456 601 4508 militnm
659 4454 951 4509 tradidisse
971 4498 984 4521 ‚
1039 4473 1146 4509 non
1202 4459 1288 4509 est
1305 4496 1320 4524 ,
1374 4455 1516 4523 quod
1572 4453 1661 4508 hic
1715 4453 1821 4508 loci
1874 4453 2094 4508 uberius
2150 4455 2597 4509 demonstremus,
2675 4453 2784 4508 Cfr.
2837 4457 3037 4522 Verinq

372 4534 408 4587 1.
449 4552 494 4588 c.
533 4553 585 4605 p.
625 4535 748 4588 245.

554 4617 574 4650 ⁵
611 4617 951 4685 Mackeldey,
1002 4615 1288 4669 Lehrbuch
1335 4616 1429 4669 des
1474 4622 1609 4669 rom.
1648 4615 1883 4679 Rechts,
1930 4619 2058 4669 tom.
2098 4615 2139 4669 Ι.
2191 4634 2243 4685 p.
2284 4615 2368 4669 71.
2420 4615 2453 4682 ἓ
2491 4616 2576 4670 66.
2651 4615 2715 4668 111
2763 4613 3035 4683 reliquum

375 4694 440 4747 de
478 4695 846 4751 notationibus
867 4739 879 4761 ,
933 4714 1072 4765 quae
1109 4695 1234 4750 istis
1286 4689 1765 4749 constitutionibus
1797 4695 2162 4764 imperatoriis
2201 4696 2523 4764 quandoque
2561 4694 2842 4765 appositae
2889 4698 3033 4759 sunt,

373 4773 456 4827 uti
492 4794 544 4829 v,
573 4793 656 4842 g.:
696 4785 923 4846 accepta,
951 4780 1254 4846 proposita,
1294 4777 1389 4829 cfr.
1431 4778 1652 4843 Krttyer
1687 4775 1725 4829 l.
1765 4793 1811 4829 c.
1849 4793 1901 4845 p.
1940 4776 2062 4830 276.
2084 4796 2096 4840 3
2136 4778 2399 4829 Karlozoa
2436 4775 2472 4829 1.
2513 4793 2558 4829 c.
2597 4794 2649 4846 p.
2689 4775 2810 4829 650.
2850 4792 2970 4843 sqq.

310 4990 383 5045 Ἧι,
