3355 5328
1339 351 1518 408 Sectio
1555 353 1623 407 H.
1675 353 1709 420 ξ
1749 355 1833 408 75.
2816 357 2917 412 139

431 511 853 578 Locationem
913 512 1201 598 capitum
1265 515 1438 597 quod
1498 515 1742 587 attinet
1758 565 1773 590 ‚
1835 515 2263 600 Raymundus
2324 515 2545 599 capita
2563 565 2577 593 ,
2641 535 2678 580 e
2726 515 2915 581 Com-

255 608 673 693 pilationibus
733 610 1021 693 antiquis
1067 616 1363 678 assumta
1381 662 1395 690 ,
1458 612 1539 678 de
1585 614 1817 694 regula
1861 613 1929 678 in
1976 613 2360 680 collectione
2406 634 2527 681 sua
2570 612 2639 678 in
2688 613 2922 679 eodem

254 706 448 773 titulo
497 709 864 788 collocavit,
915 708 984 775 in
1031 731 1158 792 quo
1206 710 1529 777 collocata
1575 715 1768 778 erant
1812 711 1882 777 in
1929 710 2509 796 compilationibus
2556 711 2843 793 antiquis
2872 711 2913 778 ¹.

253 803 586 881 Nonnulla
618 827 843 872 eorum
874 811 1117 886 autem,
1166 812 1235 875 et
1267 808 1527 891 quidem
1559 809 1938 876 summatim
1974 812 2006 874 1
2019 813 2120 888 13,
2169 809 2237 874 in
2269 809 2434 875 alios
2475 809 2727 888 tituloS,
2776 809 2917 879 sive

258 903 566 987 ejusdem,
616 904 757 970 sive
804 905 971 971 alius
1017 906 1186 984 libri,
1236 910 1305 973 et
1351 907 1612 988 quidem
1659 907 2159 986 rationabiliter,
2207 907 2617 992 transposuit
2642 905 2686 974 ².

432 1002 791 1068 Praeterea
825 1004 1254 1088 Raymundus
1298 1004 1369 1070 in
1414 1004 1688 1088 singulis
1734 1005 1945 1072 titulis
1994 1006 2214 1090 capita
2258 1006 2642 1090 plerumque
2692 1005 2916 1071 ordine

257 1099 714 1183 chronologico
745 1101 984 1184 posuit,
1032 1102 1261 1168 habita
1290 1103 1596 1168 nimirum
1627 1103 1884 1169 ratione
1915 1103 2251 1188 temporiS,
2303 1125 2429 1186 quo
2462 1103 2914 1183 auctoritateS,

256 1217 292 1262 6
338 1198 573 1280 quibus
617 1198 764 1283 ipsa
810 1200 1173 1284 composita
1219 1204 1374 1267 sunt
1391 1251 1405 1280 ,
1464 1200 1820 1266 secundum
1866 1223 2053 1279 suam
2098 1201 2587 1286 inscriptionem
2634 1202 2916 1285 origine-

254 1298 449 1361 tenus
497 1296 713 1363 editae
743 1297 946 1363 fuisse
984 1298 1379 1364 videbantur
1403 1293 1448 1365 ⁸.
1521 1298 1643 1375 Qui
1692 1300 1850 1365 ordo
1896 1303 2074 1378 tunc,
2124 1321 2322 1382 quum
2367 1301 2589 1385 plures
2638 1302 2915 1386 ejusdem

257 1392 507 1459 Summi
535 1394 868 1461 Pontificis
916 1396 1279 1462 decretales
1323 1400 1439 1462 aut
1472 1396 1973 1463 constitutiones
2006 1398 2437 1481 adducuntur,
2486 1397 2710 1480 utique
2741 1398 2915 1463 haud

254 1512 407 1556 raro
467 1492 766 1559 inversus
827 1515 970 1559 esse
1033 1494 1456 1577 dignoscitur.
1561 1496 1662 1560 De
1724 1498 1943 1560 cetero
2004 1495 2073 1559 in
2134 1495 2423 1578 quolibet
2480 1496 2675 1562 titulo
2734 1496 2916 1579 Ray-

255 1590 538 1655 mundus
585 1591 868 1675 primum
913 1592 1133 1676 posuit
1180 1595 1425 1678 capita,
1472 1592 1714 1658 hausta
1760 1613 1796 1657 e
1844 1592 2315 1677 Compilatione
2359 1594 2409 1660 I.
2431 1644 2445 1672 ,
2509 1593 2739 1659 deinde
2782 1593 2915 1673 illa,

257 1708 425 1770 quae
474 1709 561 1754 ex
608 1689 691 1756 II.
739 1689 856 1757 III.
915 1693 983 1756 et
1027 1690 1295 1773 reliquis
1343 1690 1923 1775 Compilationibus
1981 1690 2328 1770 hauserat,
2392 1695 2461 1757 et
2504 1692 2735 1758 ultimo
2781 1691 2913 1770 illa,

254 1805 425 1867 quae
503 1808 539 1851 e
613 1787 835 1872 Papae
914 1789 1209 1874 Greqorii
1279 1789 1401 1856 LX.
1483 1788 1924 1854 decretalibus
2002 1793 2071 1855 et
2153 1789 2724 1856 constitutionibus
2802 1791 2917 1856 ad-

257 1888 615 1950 ornaverat
645 1884 690 1952 ⁴.

437 1981 648 2059 Quum
707 1987 930 2050 autem
984 1984 1413 2069 Raymundus
1472 1984 1648 2051 inter
1710 1985 2074 2051 decretales
2135 1990 2204 2052 et
2265 1986 2429 2052 alias
2488 1987 2918 2053 auctoritates

255 2080 741 2147 ecclesiasticas
760 2132 774 2160 ,
842 2104 1005 2165 quas
1051 2104 1211 2166 prae
1256 2073 1562 2148 manibus
1601 2083 1833 2149 habuit
1852 2133 1866 2162 ,
1929 2105 2047 2168 pro
2097 2085 2410 2149 solvendo
2459 2084 2650 2149 dubio
2670 2134 2684 2162 ,
2747 2085 2921 2166 quod

254 2197 332 2249 eo
380 2181 682 2263 tempore
728 2179 902 2245 circa
949 2179 1237 2262 aliquam
1281 2180 1629 2246 materiam
1667 2180 1836 2264 juris
1890 2182 2284 2246 versabatur
2301 2232 2315 2260 ,
2378 2180 2537 2246 nihil
2582 2181 2772 2247 solidi
2816 2181 2916 2247 in-

260 2389 554 2444 Coelestino
592 2393 699 2445 ΙΙΙ.
744 2390 1146 2461 (1191-1198)
1188 2390 1513 2445 adscribitur
1550 2393 1607 2444 et
1643 2407 1902 2460 expresse
1944 2394 2206 2459 tanquam
2241 2408 2370 2460 pars
2409 2408 2525 2460 cap.
2563 2392 2921 2445 Laudabilem

254 2469 594 2537 designatur.
671 2471 838 2542 Cujus
893 2471 1184 2526 decretalis
1238 2470 1544 2540 pontificiae
1605 2469 1821 2523 initium
1882 2469 2259 2539 (Laudabilem
2316 2470 2443 2540 etc.)
2501 2471 2559 2524 in
2616 2470 2797 2540 Comp.
2849 2471 2918 2526 II.

253 2565 372 2619 cap.
416 2550 465 2603 3.
508 2550 572 2604 de
610 2547 824 2618 cognat.
863 2550 1036 2621 spirit.
1076 2551 1169 2605 IV.
1210 2551 1258 2604 6.
1297 2549 1535 2620 positum
1574 2553 1686 2614 est;
1727 2551 1867 2619 quod
1908 2553 2072 2619 caput
2106 2553 2292 2604 tamen
2327 2551 2385 2604 in
2423 2550 2774 2605 decretalium
2813 2550 2918 2605 col-

249 2629 546 2685 lectionem
582 2630 766 2703 Papae
804 2630 1053 2700 Gregorii
1089 2631 1182 2685 IX.
1223 2634 1563 2701 assumptum
1598 2648 1706 2685 non
1743 2634 1843 2685 est.
1919 2630 2183 2701 Reliquae
2219 2635 2404 2702 partes
2444 2631 2593 2686 illius
2631 2631 2919 2686 decretalis

248 2711 567 2765 referuntur
603 2711 661 2765 in
698 2710 881 2783 Comp.
920 2712 988 2766 II.
1027 2730 1144 2782 cap.
1184 2712 1232 2765 2.
1273 2712 1350 2765 Ut
1385 2711 1483 2765 lite
1519 2712 1771 2781 pendent.
1809 2712 1878 2765 H.
1906 2713 1973 2776 9.,
2014 2730 2129 2781 cap.
2169 2713 2220 2766 2.
2260 2712 2363 2778 Qui
2402 2713 2527 2768 cler.
2567 2712 2657 2766 vel
2695 2716 2903 2767 vovent

248 2790 348 2845 IV.
387 2791 474 2855 4.,
527 2809 643 2861 cap.
684 2792 733 2845 3.
774 2793 840 2847 de
890 2792 1071 2860 frigid.
1112 2795 1170 2846 et
1204 2792 1386 2846 malef.
1425 2792 1518 2847 IV.
1560 2794 1640 2857 9.,
1682 2809 1796 2861 cap.
1840 2794 1886 2846 1.
1928 2793 1993 2846 de
2031 2797 2240 2864 except.
2280 2794 2348 2848 II.
2391 2795 2474 2848 11.
2513 2797 2570 2847 et
2607 2811 2724 2863 cap.
2763 2794 2811 2847 2.
2852 2794 2919 2847 de

249 2888 503 2925 convers.
543 2870 687 2926 infid.
726 2872 821 2927 HI.
861 2873 972 2936 20.,
1025 2890 1164 2943 quae
1202 2872 1381 2943 capita
1420 2872 1597 2926 omnia
1614 2914 1627 2937 ,
1682 2872 1848 2926 etiam
1897 2872 1987 2927 cit.
2029 2891 2144 2943 cap.
2183 2876 2397 2928 Rursus
2447 2877 2683 2943 quidam.
2723 2874 2771 2927 2.
2812 2873 2916 2939 Qui

247 2950 382 3005 cler.
437 2951 529 3005 vel
579 2956 797 3007 vovent.
846 2951 940 3007 IV.
987 2952 1038 3006 4.
1057 2995 1070 3018 ,
1122 2952 1195 3006 ibi
1246 2955 1509 3022 tanquam
1563 2970 1692 3022 pars
1744 2970 1860 3022 cap.
1914 2955 2271 3006 Laudabilem
2322 2953 2692 3021 designantur.
2768 2953 2919 3008 Haec

247 3031 440 3101 capita
477 3031 672 3097 omnia,
710 3032 909 3086 omisso
945 3033 1318 3087 tantummodo
1334 3075 1348 3097 ‚
1400 3032 1481 3086 uti
1513 3032 1629 3103 jam
1666 3032 2027 3102 meminimus,
2072 3034 2316 3103 praefato
2356 3051 2472 3104 cap.
2512 3034 2561 3088 3.
2601 3035 2668 3088 de
2705 3037 2918 3101 cognat.

244 3110 432 3181 spirit.
470 3111 564 3165 IV.
605 3114 653 3166 6.
671 3154 685 3177 ,
736 3111 795 3165 in
831 3129 987 3166 suam
1025 3112 1395 3166 collectionem
1431 3112 1638 3181 recepit
1689 3116 1745 3165 et
1794 3130 1943 3166 voc.:
1996 3115 2350 3167 Laudabilem
2402 3113 2481 3167 eis
2531 3114 2774 3184 praefixa
2811 3114 2919 3181 sig-

244 3190 415 3246 navit
458 3190 578 3260 (cfr.
619 3209 663 3245 6.
703 3192 754 3246 2.
794 3192 860 3247 X.
904 3193 977 3247 Ut
1026 3192 1123 3246 lite
1174 3193 1425 3263 pendent.
1464 3193 1531 3246 II.
1575 3194 1689 3257 16.,
1742 3210 1786 3245 6.
1829 3194 1874 3246 1.
1916 3193 1980 3246 X.
2022 3194 2087 3247 de
2125 3211 2368 3248 convers.
2407 3194 2553 3248 infid.
2593 3194 2687 3248 ΙΙΙ.
2729 3195 2812 3248 33.
2866 3197 2923 3248 et

245 3289 292 3325 6.
323 3273 378 3325 5.
407 3271 476 3325 X.
505 3272 571 3325 de
596 3272 779 3340 frigid.
819 3275 877 3326 et
912 3272 1095 3326 malef.
1123 3273 1218 3327 IV.
1256 3271 1385 3341 15.),
1425 3275 1652 3342 excepto
1690 3272 1864 3336 unico,
1902 3272 2162 3327 videlicet
2196 3274 2442 3344 praefato
2481 3292 2597 3344 cap.
2633 3275 2681 3328 6.
2709 3274 2775 3327 X.
2817 3271 2922 3337 Qui

245 3351 384 3406 cler.
429 3352 519 3405 vel
556 3355 777 3407 vovent.
815 3352 910 3407 IV.
951 3354 1018 3417 6.,
1057 3353 1202 3421 quod
1238 3352 1316 3406 ita
1354 3352 1572 3420 signare
1609 3352 1816 3416 omisit,
1855 3352 1986 3407 licet
2024 3353 2206 3423 Comp.
2245 3354 2313 3408 II.
2353 3353 2518 3423 capiti
2555 3354 2603 3407 2.
2654 3353 2756 3419 Qui
2794 3354 2920 3407 cler.

249 3432 348 3486 vel
391 3435 614 3486 vovent.
651 3433 746 3487 IV.
785 3432 836 3487 4.
854 3475 867 3498 ,
913 3450 942 3486 e
981 3451 1086 3502 quo
1122 3432 1262 3486 illud
1301 3436 1465 3503 caput
1501 3432 1789 3487 adornavit
1804 3474 1816 3496 ,
1870 3432 2399 3488 determinationem:
2451 3451 2579 3503 pars
2618 3451 2733 3503 cap.
2772 3435 2923 3487 Lau-

255 3513 501 3565 dabilem
538 3512 837 3581 praefixam
873 3511 1159 3566 invenerit.

450 3604 468 3636 ¹
512 3601 618 3656 cfr.
674 3602 857 3674 Comp.
896 3603 937 3657 Ι.
977 3621 1021 3658 6.
1066 3604 1112 3657 1.
1152 3603 1200 3657 2.
1240 3602 1291 3657 4.
1332 3605 1380 3657 7.
1421 3604 1469 3656 6.
1524 3603 1589 3656 (16
1641 3603 1880 3657 constitt.
1919 3603 1959 3656 Ι.
2003 3603 2080 3667 1.,
2136 3602 2317 3673 Comp.
2356 3603 2451 3657 ΙΙΙ.
2492 3620 2538 3657 6.
2580 3603 2625 3657 1.
2673 3603 2724 3658 2.
2771 3604 2821 3657 4.
2871 3603 2919 3658 5.

244 3682 371 3736 6ο(1.
416 3681 458 3734 Ι.
501 3682 549 3735 1.
589 3686 645 3736 et
671 3682 853 3753 Comp.
880 3683 948 3737 V.
989 3700 1034 3737 6.
1061 3684 1111 3737 5.
1139 3683 1254 3737 eod.
1293 3683 1334 3737 I.
1376 3683 1423 3737 1.
1465 3701 1535 3736 ex
1561 3700 1686 3746 una,
1725 3685 1889 3751 atque
1924 3700 1967 3735 6.
2011 3682 2200 3747 1.-5.,
2241 3684 2414 3737 6,-9.
2444 3682 2527 3736 12.
2554 3682 2621 3736 Χ.
2650 3683 2763 3738 6ο(1.
2804 3682 2844 3737 Ι.
2872 3683 2922 3738 2.

243 3781 321 3817 ex
364 3762 546 3815 altera
583 3766 753 3832 parte.
791 3792 863 3801 -—
902 3763 1084 3833 Comp.
1123 3763 1163 3817 I.
1205 3780 1249 3816 6.
1292 3764 1338 3817 1.
1379 3763 1428 3817 2.
1471 3763 1553 3815 11.
1593 3762 1679 3815 21.
1724 3763 1806 3815 14.
1849 3763 1930 3815 15.
1974 3763 2055 3816 16.
2099 3763 2181 3816 17.
2225 3763 2306 3817 18.
2347 3763 2432 3816 22.
2473 3762 2539 3816 (16
2577 3762 2733 3816 elect.
2773 3763 2813 3816 I.
2852 3764 2903 3817 4.

240 3842 444 3913 Comp.
483 3842 552 3895 Π.
593 3860 637 3897 6.
680 3843 725 3897 1.
766 3844 814 3897 3.
856 3844 906 3897 5.
946 3845 995 3897 6.
1037 3844 1084 3897 7.
1139 3844 1253 3898 eod.
1293 3843 1333 3897 Ι.
1375 3843 1455 3908 3.,
1509 3841 1691 3912 Comp.
1731 3842 1825 3896 III.
1878 3860 1921 3895 6.
1965 3843 2172 3895 1,-19.
2214 3843 2327 3897 6ο(1.
2377 3843 2417 3896 Ι.
2468 3843 2549 3907 6.,
2604 3842 2786 3912 Comp.
2827 3843 2905 3898 IV

236 3941 285 3978 c.
338 3924 521 3976 1.—6.
561 3923 610 3977 8.
651 3924 700 3977 9.
743 3924 825 3978 10.
870 3923 952 3977 11.
993 3923 1108 3977 eod.
1147 3923 1189 3977 I.
1229 3924 1278 3977 3.
1319 3926 1375 3977 et
1402 3922 1583 3992 Comp.
1611 3922 1679 3977 V.
1719 3940 1764 3976 6.
1807 3923 1854 3975 1.
1882 3923 1931 3976 5.
1970 3924 2019 3976 6.
2060 3923 2173 3976 eod.
2213 3922 2253 3976 I.
2294 3923 2362 3987 5.,
2401 3924 2566 3991 atque
2605 3941 2651 3977 c.
2693 3924 2923 3988 1.—10.,

238 4003 525 4065 11.——15.,
567 4003 827 4068 16.—34„
871 4004 1116 4058 35.—44.
1157 4006 1213 4057 et
1248 4002 1495 4058 46.—48.
1534 4002 1600 4055 X.
1642 4003 1757 4056 eod.
1798 4002 1837 4055 I.
1880 4004 1927 4056 6.
1968 4020 2038 4055 ex
2076 4001 2251 4056 altera
2286 4006 2458 4073 parte.

439 4093 461 4129 ²
497 4090 587 4145 Sic
622 4110 676 4145 v.
714 4109 768 4159 g.
809 4091 991 4161 Comp.
1030 4093 1072 4146 I.
1106 4110 1151 4146 6.
1187 4093 1236 4147 8.
1279 4093 1344 4146 (16
1380 4091 1628 4161 rescript.
1667 4091 1708 4144 I.
1750 4092 1798 4144 2.
1838 4091 2020 4161 posuit
2055 4094 2324 4160 tanquam>
2356 4109 2400 4146 6.
2443 4092 2526 4146 12.
2565 4092 2632 4145 Χ.
2674 4092 2740 4145 (16
2778 4095 2918 4147 sent.

234 4189 522 4227 excomm.
555 4171 622 4225 V.
662 4172 778 4236 39„
819 4171 1001 4242 Comp.
1040 4172 1081 4226 Ι.
1121 4190 1165 4226 c.
1204 4173 1255 4225 4.
1295 4173 1362 4228 de
1399 4172 1554 4225 elect.
1594 4171 1634 4225 I.
1673 4172 1725 4225 4.
1764 4174 2026 4240 tanquam
2065 4188 2108 4225 6.
2151 4173 2198 4225 7.
2238 4171 2305 4225 X.
2359 4172 2425 4225 (16
2470 4175 2636 4242 temp.
2690 4172 2919 4226 ordinat.

232 4253 278 4307 I.
314 4252 432 4316 11.,
471 4250 653 4321 Comp.
693 4252 734 4305 I.
775 4268 818 4305 6.
846 4252 931 4306 20.
973 4252 1038 4305 (16
1076 4251 1230 4305 elect.
1258 4252 1299 4305 I.
1337 4251 1388 4305 4.
1427 4254 1691 4320 tanquam
1728 4268 1845 4320 cap.
1871 4252 1922 4304 4.
1948 4250 2015 4305 X.
2048 4251 2112 4304 de
2134 4251 2358 4322 jurejur.
2385 4251 2453 4305 H.
2482 4252 2597 4315 24.;
2639 4250 2821 4321 Comp.
2849 4251 2917 4305 II.

231 4350 282 4387 6.
329 4332 388 4386 2.
441 4331 506 4383 (16
541 4329 790 4401 rescript.
826 4331 867 4384 I.
908 4331 958 4386 2.
995 4334 1258 4400 tanquam
1295 4349 1339 4385 c.
1382 4331 1466 4385 35.
1505 4331 1572 4385 X.
1627 4331 1693 4384 de
1745 4331 1999 4401 appellat.
2039 4332 2105 4384 H.
2146 4331 2261 4395 28.;
2317 4330 2499 4401 Comp.
2538 4332 2632 4384 HI.
2673 4348 2719 4384 c.
2762 4332 2809 4384 1.
2849 4331 2916 4384 (16

230 4412 365 4466 foro
411 4414 641 4480 compet.
681 4411 750 4465 II.
791 4411 840 4464 2.
874 4410 1057 4480 posuit
1092 4414 1352 4480 tanquam
1402 4428 1518 4480 cap.
1560 4410 1609 4464 3.
1650 4409 1716 4463 Χ.
1770 4411 1848 4464 Ut
1883 4410 1980 4463 lite
2032 4412 2285 4481 pendent.
2324 4410 2391 4464 H.
2436 4412 2547 4475 16.;
2603 4409 2785 4479 Comp.
2824 4410 2919 4465 HI.

231 4510 280 4547 c.
333 4492 388 4545 1.
436 4491 501 4544 de
537 4490 714 4544 restit.
753 4489 967 4560 spoliat.
1005 4490 1072 4545 II.
1113 4492 1162 4545 6.
1201 4493 1463 4560 tanquam
1515 4508 1559 4543 6.
1599 4492 1651 4543 4.
1690 4489 1757 4543 Χ.
1807 4490 1883 4543 Ut
1920 4490 2017 4543 lite
2060 4491 2313 4560 pendent.
2349 4490 2416 4544 II.
2455 4491 2538 4544 16.
2585 4490 2922 4556 collocavit.;

232 4573 445 4641 Comp.
484 4571 578 4625 IV.
620 4588 665 4623 c.
707 4571 753 4624 1.
794 4571 859 4624 de
898 4571 984 4624 off.
1019 4570 1133 4640 jud.
1176 4569 1348 4638 deleg.
1389 4571 1429 4624 I.
1462 4571 1544 4623 12.
1583 4572 1848 4638 tanquam
1887 4587 1930 4624 6.
1972 4572 2021 4623 7.
2061 4569 2127 4623 Χ.
2169 4570 2233 4623 (16
2272 4586 2437 4623 causa
2474 4573 2710 4639 possess
2739 4571 2806 4624 II.
2839 4571 2921 4625 12.

233 4653 358 4707 Cfs.
410 4652 661 4719 PhillipS,
699 4650 1107 4715 Kirchenrecht,
1145 4653 1274 4704 tom.
1314 4650 1407 4704 IV.
1447 4668 1498 4720 p.
1540 4650 1660 4703 304.
1701 4667 1821 4719 sqq.

441 4740 462 4774 ³
502 4737 610 4791 cfr.
639 4755 683 4791 6.
714 4738 905 4802 1.-4.,
944 4739 993 4791 5.
1022 4740 1078 4791 et
1103 4739 1170 4802 6.,
1209 4739 1276 4801 8.,
1316 4738 1383 4801 9.,
1425 4736 1669 4800 10—13.,
1712 4736 1794 4790 14.
1823 4753 1922 4805 sq„
1964 4738 2045 4790 16.
2074 4754 2154 4805 sq.
2182 4736 2248 4791 X.
2287 4737 2352 4789 de
2377 4739 2542 4807 temp.
2570 4738 2738 4792 ordin.
2767 4740 2807 4793 I.
2839 4740 2922 4794 11.

440 4826 465 4861 ⁴
499 4828 812 4897 Friedber9‚
847 4826 907 4881 in
946 4826 1100 4897 Corp.
1134 4826 1242 4897 jur.
1282 4843 1399 4880 6611.
1438 4829 1578 4896 part.
1616 4826 1687 4880 H.
1725 4825 1968 4895 prolegg.
2009 4825 2109 4879 col.
2147 4825 2397 4880 XXXVI.
