3355 5328
248 5010 357 5077 Ἥ.

379 323 486 379 258
976 319 1279 390 Appendix.
1355 319 1689 375 Introductio
1724 319 1782 373 in
1819 320 1975 390 Corp.
2009 320 2116 391 jur.
2156 320 2262 375 civ.
2300 339 2430 375 rom.

378 486 716 559 caverunt,
767 485 1046 564 excepta
1077 480 1379 559 Novella,
1429 502 1598 563 quae
1629 482 1698 546 in
1728 481 1901 547 serie
1932 482 2166 546 harum
2196 481 2626 547 Novellarum
2673 483 2793 547 sub
2840 504 2938 548 nr.
2978 483 3038 548 8.

380 580 686 658 occurrit,
737 600 933 661 quam
979 600 1177 644 unam
1222 599 1343 662 per
1382 581 1549 644 duos
1578 579 1830 658 titulos,
1878 579 2183 644 nimirum
2218 583 2276 646 2.
2328 583 2398 646 et
2429 582 2489 646 3.
2524 579 2904 646 Collationis
2934 580 3040 658 IL,

380 679 885 755 distribuerunt,
953 677 1050 744 ita
1097 679 1171 743 ut
1215 677 1284 741 in
1329 677 1433 743 tit.
1486 681 1545 744 2.
1593 682 1853 762 partem
1898 678 2184 762 priorem
2230 678 2446 744 dictae
2490 678 2556 743 N
2560 679 2815 744 ovellae
2861 681 2929 743 et
2975 677 3044 742 in

377 777 482 844 tit.
533 781 594 843 3.
659 778 799 860 ejus
844 779 1104 860 partem
1152 777 1432 842 alteram
1480 777 1910 854 collocarent,
1973 781 2175 859 atque
2222 777 2315 842 sic
2362 777 2660 843 collectio
2707 777 2821 842 illa
2839 826 2854 855 ,
2904 776 3044 842 No-

378 876 589 941 vellas
638 877 719 940 97
771 873 1132 951 continens,
1181 874 1411 941 titulos
1461 876 1544 939 98
1594 875 1942 942 obtineret.

555 974 762 1039 Porro
823 972 981 1038 dicti
1039 973 1444 1054 glossatores
1490 972 1808 1038 Novellas
1826 1024 1841 1051 ,
1906 973 1974 1038 in
2033 973 2310 1055 singulis
2355 973 2567 1040 titulis
2613 973 2865 1057 positas
2884 1023 2898 1052 ,
2963 973 3043 1039 de

377 1072 610 1153 regula
658 1070 1022 1136 diviserunt
1067 1071 1135 1135 in
1171 1071 1663 1156 praefationem,
1702 1074 2158 1157 parayraphos
2190 1070 2322 1155 (ἐξ)
2355 1077 2424 1138 et
2457 1075 2780 1157 epilogum.
2841 1072 3042 1137 Prae-

375 1171 540 1253 fatio
556 1221 575 1254 ,
644 1169 940 1234 referens
989 1190 1217 1234 ansam
1266 1169 1667 1235 emittendae
1712 1170 1886 1235 illius
1931 1170 1997 1235 N
2000 1171 2255 1235 ovellae
2278 1220 2292 1248 ,
2341 1170 2678 1254 praecedit
2723 1190 3044 1254 paragra-

376 1269 581 1353 phum
606 1271 909 1353 primam,
959 1271 1029 1333 et
1069 1271 1363 1352 epiloqus‘,
1413 1268 1756 1333 continens
1786 1267 2110 1334 Novellae
2143 1269 2624 1334 conclusionem
2672 1289 2820 1333 cum
2866 1289 3044 1333 com-

377 1366 737 1432 minatione
782 1385 1034 1450 poenae
1093 1365 1161 1429 in
1210 1366 1788 1431 contravenientes
1849 1369 1918 1431 et
1962 1366 2359 1432 indicatione
2419 1366 2547 1431 loci
2602 1386 2680 1431 ac
2725 1365 3043 1450 temporis

377 1464 551 1529 illius
582 1464 908 1529 Novellae
958 1464 1407 1545 originetenus
1455 1465 1734 1529 emissae
1762 1467 1800 1541 ¹,
1851 1464 2268 1547 subjungitur
2297 1465 2717 1548 paragrapho
2749 1464 3040 1529 ultimae.

557 1562 758 1628 Citari
806 1562 1103 1627 collectio
1143 1562 1276 1627 ista
1305 1563 1428 1627 hoc
1459 1563 1651 1628 modo
1687 1562 2046 1628 consuevit.
2112 1563 2192 1628 V.
2241 1583 2346 1644 g.:
2394 1562 2596 1628 Auth.
2648 1563 2729 1627 de
2774 1561 3039 1627 haered.

380 1662 461 1727 ab
509 1661 732 1726 intest.
783 1659 817 1741 ξ
869 1659 937 1725 si
984 1659 1147 1742 quis.
1198 1659 1354 1726 Coll.
1403 1661 1515 1726 IX.
1548 1657 1572 1696 ²
1615 1699 1708 1708 —
1751 1660 1792 1727 i.
1843 1681 1901 1727 e.
1949 1660 2420 1726 Authenticum
2446 1710 2463 1739 ,
2526 1660 2633 1727 tit.
2683 1661 2763 1725 de
2809 1660 3042 1725 haere-

379 1759 566 1824 dibus
615 1758 697 1824 ab
743 1758 1083 1836 intestato,
1134 1757 1168 1839 §
1216 1757 1564 1842 incipiens:
1616 1758 1683 1824 si
1732 1758 1896 1840 quis,
1947 1758 2222 1824 Collatio
2269 1759 2382 1824 IX.

560 1859 621 1922 5.
673 1856 983 1922 Collectio
1030 1856 1464 1921 Novellarum
1511 1858 1593 1921 ab
1639 1859 1918 1923 Antonio
1968 1859 2185 1923 Contio
2233 1856 2552 1923 confecta.

555 1954 765 2031 Quum
810 1954 1134 2019 Novellae
1181 1954 1538 2020 Justiniani
1557 2005 1571 2033 ,
1627 1955 1698 2020 in
1744 1955 2128 2021 collectione
2177 1975 2425 2033 earum,
2476 1976 2516 2019 a
2562 1953 3041 2035 glossatoribus

378 2053 732 2131 adornata,
782 2074 914 2118 non
960 2054 1470 2136 comprehensae
1516 2051 2134 2135 (extraordinariae,
2185 2052 2732 2136 extravagantes)
2780 2055 2847 2117 et
2891 2051 3043 2117 hinc

376 2172 589 2233 neque
635 2152 1001 2232 glossatae,
1055 2151 1162 2216 vel
1211 2151 1471 2216 omnino
1519 2152 1767 2233 negligi
1812 2152 1915 2216 ve]
1967 2152 2050 2217 ad
2098 2173 2421 2216 summum
2481 2150 2860 2234 praedictae
2908 2150 3041 2215 col-

374 2249 640 2314 lectioni
672 2250 1115 2331 glossatorum
1146 2253 1465 2331 tanquam
1498 2249 1829 2334 appendix
1861 2250 2130 2333 adjungi
2172 2248 2687 2327 consuevissent,
2720 2250 3041 2313 Antonius

381 2349 640 2413 Contius
656 2399 674 2430 ,
730 2349 869 2431 jam
917 2368 1117 2430 supra
1163 2345 1310 2429 (cfr.
1359 2369 1421 2431 p.
1474 2349 1578 2414 62.
1629 2352 1698 2413 et
1742 2369 1805 2431 p.
1856 2350 1963 2414 43.
2013 2347 2140 2431 sq.)
2186 2346 2570 2429 frequenter
2614 2350 3039 2424 memoratus,

378 2466 524 2523 eaS‚
588 2466 752 2527 quas
776 2496 790 2524 ,
856 2449 1179 2528 quatenus
1225 2446 1451 2527 lingua
1497 2467 1740 2528 graeca
1788 2450 2144 2530 conceptae
2192 2449 2384 2511 erant
2402 2496 2416 2523 ‚
2467 2466 2503 2510 e
2549 2447 2741 2528 parte
2785 2444 2926 2528 ipse
2974 2443 3043 2508 in

377 2543 657 2609 latinum
717 2547 1017 2609 verterat
1035 2594 1049 2621 ,
1113 2544 1481 2609 collectioni
1525 2544 1958 2610 Novellarum
1976 2595 1990 2622 ‚
2055 2566 2095 2609 a
2154 2544 2631 2626 glossatoribus
2678 2541 3041 2620 confectae,

379 2641 656 2709 inseruit
703 2646 772 2709 et
816 2642 885 2707 in
933 2663 1032 2720 ea,
1081 2663 1213 2707 non
1257 2643 1591 2724 glossatas
1630 2644 1829 2727 juxta
1874 2644 2239 2726 glossatas,
2289 2642 2408 2708 sub
2457 2640 2763 2724 congruis
2809 2639 3040 2720 titulis,

380 2761 649 2806 numero
698 2763 912 2806 novem
963 2743 1378 2806 Collationum
1418 2745 1644 2807 tamen
1691 2746 1958 2808 servato
1982 2792 1996 2820 ,
2029 2742 2413 2831 collocavit,
2461 2741 2558 2806 ita
2604 2743 2678 2805 ut
2724 2739 2907 2823 ipsae
2954 2739 3042 2804 si-

379 2839 516 2903 mul
564 2860 710 2904 cum
756 2838 1077 2922 praefatis
1125 2841 1205 2903 97
1257 2839 1555 2904 Novellis
1579 2889 1593 2918 ,
1662 2862 1699 2905 e
1758 2845 1950 2924 parte
1996 2841 2442 2922 glossatorum
2504 2837 2816 2903 assumtis
2833 2887 2847 2914 ,
2910 2858 3044 2902 una

379 2937 738 3018 eademque
802 2936 1232 3002 Novellarum
1302 2938 1686 3003 collectione
1756 2939 2484 3023 comprehenderentur.
2578 2934 3043 3001 Collectionem

374 3032 824 3111 Novellarum,
874 3034 971 3100 ita
1017 3035 1427 3113 adornatam,
1476 3036 1647 3100 idem
1681 3036 1949 3103 Contius
1994 3036 2276 3121 primum
2307 3033 2611 3117 Lugduni
2650 3055 2710 3099 a.
2750 3035 2917 3097 1571
2973 3035 3042 3098 et

375 3132 617 3197 ibidem
663 3132 903 3197 iterum
951 3154 1010 3198 a.
1065 3134 1235 3197 1576
1286 3132 1507 3200 edidit.

555 3230 763 3307 Quam
812 3230 1304 3314 dispositionem
1335 3230 1768 3298 Novellarum
1804 3234 1847 3298 J
1849 3232 2180 3310 ustiniani,
2230 3253 2271 3297 a
2312 3233 2528 3297 Contio
2573 3229 3038 3306 introductam,

377 3351 603 3395 omnes
650 3333 1000 3411 sequentes
1032 3328 1462 3395 Novellarum
1510 3330 1850 3409 editiones,
1899 3330 1956 3396 si
2000 3352 2247 3415 paucas
2293 3330 2625 3412 glossatas
2656 3348 2826 3393 saec.
2860 3327 3037 3392 XVI.

377 3428 688 3512 excipias,
739 3429 1228 3512 adoptaverunt
1248 3425 1294 3494 ³.

556 3525 698 3602 Qua
743 3527 1000 3592 ratione
1047 3526 1233 3591 venit
1251 3577 1265 3605 ,
1339 3527 1510 3609 quod
1570 3548 1742 3593 nunc
1789 3527 2088 3593 collectio
2135 3527 2567 3592 Novellarum
2612 3522 3040 3608 Imperatoris

377 3624 743 3689 Justiniani
761 3675 780 3709 ,
849 3645 1016 3706 quae
1065 3623 1350 3708 Corpore
1390 3624 1557 3708 juris
1605 3625 1816 3690 civilis
1864 3625 2268 3703 continetur,
2318 3623 2676 3690 universim
2728 3623 2852 3686 168
2900 3621 3040 3687 No-

375 3721 585 3785 vellas
632 3720 872 3799 refert,
927 3743 1095 3803 quae
1144 3723 1404 3804 quidem
1449 3722 1773 3789 Novellae
1818 3744 1938 3808 per
1986 3744 2209 3789 omnes
2258 3725 2296 3787 9
2347 3720 2745 3787 Collationes
2793 3723 2860 3785 et
2912 3721 3037 3783 169

376 3818 608 3885 titulos
673 3819 825 3884 inde
872 3841 913 3884 a
959 3819 1170 3903 primo
1237 3842 1442 3903 usque
1504 3822 1588 3888 ad
1647 3822 1951 3888 ultimum
2016 3821 2326 3887 continua
2384 3839 2805 3885 numerorum
2870 3816 3039 3882 serie

377 3916 536 4000 (non
581 3921 807 3982 tamen
854 3920 1082 3983 ordine
1128 3919 1579 4005 chronoloqico)
1612 3921 1971 3986 decurrunt
2011 3919 2126 3998 ita,
2175 3923 2251 3985 ut
2280 3917 2564 3983 Novella
2600 3918 2656 3982 1.
2708 3914 3040 3981 collectio-

375 4037 527 4081 nem
571 4013 863 4098 incipiat,
914 4019 998 4095 et
1028 4016 1312 4081 Novella
1363 4019 1509 4084 168.
1560 4018 1836 4083 eandem
1883 4018 2148 4083 claudat
2173 4013 2219 4083 ⁴.

558 4176 575 4208 ¹
615 4173 788 4245 Saepe
838 4178 1024 4228 tamen
1075 4175 1209 4229 haec
1259 4177 1585 4247 subscriptio
1623 4177 1729 4232 loci
1780 4180 1836 4231 et
1884 4175 2144 4246 temporis
2181 4193 2214 4230 a
2251 4173 2648 4243 glossatoribus
2697 4172 2900 4227 omissa
2937 4173 3038 4225 est.

379 4254 489 4308 cfr.
527 4257 744 4324 Biener,
783 4254 1113 4309 Geschichte
1151 4256 1247 4310 der
1282 4257 1564 4322 Novellen,
1601 4276 1652 4328 p.
1694 4258 1846 4322 278.;
1892 4260 2129 4326 Krilyer,
2168 4255 2496 4311 Geschichte
2533 4255 2628 4308 der
2666 4252 2894 4318 Quellen
2929 4252 3039 4305 und

375 4334 677 4390 Litteratur
715 4336 811 4390 des
847 4343 982 4389 rom.
1021 4335 1242 4400 Rechts,
1280 4355 1331 4407 p.
1372 4337 1492 4392 385.
1531 4342 1641 4392 not.
1680 4340 1766 4392 45.

559 4418 578 4448 ²
618 4415 950 4485 Quandoque
987 4416 1044 4469 in
1083 4415 1298 4470 citando
1337 4417 1503 4471 etiam
1538 4436 1799 4472 numerus
1835 4420 1983 4471 tituli
2020 4416 2217 4488 apponi
2253 4417 2408 4480 solet,
2445 4415 2553 4469 ita:
2594 4413 2727 4468 Coll.
2754 4413 2848 4466 IX.
2874 4412 2959 4466 tit.
2991 4411 3037 4466 l.

560 4497 579 4530 ³
615 4497 957 4566 Macheldey,
1008 4496 1297 4550 Lehrbuch
1335 4498 1431 4552 des
1481 4506 1614 4552 rom.
1654 4498 1889 4563 Rechts,
1942 4501 2073 4552 tom.
2112 4498 2153 4550 I.
2206 4515 2258 4567 p.
2300 4497 2419 4550 110.
2456 4496 2569 4549 not.
2603 4494 2758 4557 bbb.;
2815 4494 3037 4561 Puchta,

379 4574 584 4630 Cursus
622 4577 718 4630 der
754 4576 1156 4641 Institutionen,
1195 4580 1323 4632 tom.
1362 4579 1403 4632 Ι.
1442 4597 1493 4648 p.
1531 4580 1656 4632 415.
1696 4596 1779 4648 sq.

555 4657 579 4691 ⁴
614 4656 703 4710 Ad
753 4658 1134 4711 conferendam
1186 4658 1326 4712 hanc
1362 4658 1792 4713 numerationem
1829 4657 2184 4712 Novellarum
2221 4675 2346 4712 cum
2382 4674 2446 4711 ea
2463 4698 2475 4721 ,
2528 4672 2668 4723 quae
2702 4653 2762 4707 111
2802 4654 3038 4721 Corpore

380 4737 716 4805 Authentico,
755 4739 812 4789 et
847 4736 959 4801 illa,
999 4754 1137 4805 quae
1174 4737 1230 4790 in
1268 4738 1623 4792 Novellarum
1657 4738 1978 4793 collectione
2011 4740 2369 4806 glossatorum
2405 4734 2655 4799 occurrit,
2693 4733 2821 4787 vide
2854 4734 3037 4787 Heim-

378 4816 529 4887 bach,
567 4815 975 4882 Authenticum,
1016 4818 1097 4871 ed.
1137 4816 1228 4872 cit.
1268 4817 1414 4888 Lips.
1457 4819 1613 4884 1851,
1650 4819 1895 4889 prolegg.
1934 4836 1986 4888 p.
2025 4814 2727 4872 DCCIV.—DCGXXV1H.
