3355 5328
403 310 509 367 206
1201 312 1340 366 Pars
1377 312 1444 366 H.
1498 312 1858 367 collectiones
1896 311 2264 367 decretalium.

643 489 684 574 ξ
730 439 868 557 142.
960 489 1389 558 Recentiores
1438 489 1762 557 editiones
1810 490 2084 557 criticae
2128 489 2328 578 hujus
2375 490 2801 558 collectionis

579 640 762 707 Inter
848 641 1250 707 recentiores
1327 641 1649 707 editiones
1728 639 1991 707 criticas
2067 641 2259 725 hujus
2336 640 2737 707 collectionis
2812 663 3069 708 memo-

399 738 646 804 randae
695 743 881 805 sunt:
1537 817 1544 825 .

583 840 640 903 1.
689 836 825 915 illa,
874 858 1042 919 quae
1090 858 1177 903 ex
1220 837 1603 904 recensione
1633 837 1814 902 Petri
1861 840 1930 902 et
1962 838 2299 903 Francisci
2342 836 2626 904 fratrum
2658 838 3068 903 Pithoeorum

398 934 640 1017 prodiit
706 934 976 1000 Parisiis
1028 937 1194 1000 1687
1261 956 1418 1003 cura
1481 936 1744 1001 Claudii
1803 937 1860 1000 le
1918 935 2218 1019 Peletier,
2278 934 2348 1000 in
2407 939 2564 1000 tom.
2614 934 2696 1000 II.
2757 934 3071 1019 Corporis

393 1031 560 1115 juris
607 1032 921 1110 canonici,
968 1032 1209 1097 ibidem
1255 1031 1570 1113 evulgati.

581 1133 641 1195 2.
689 1130 945 1208 Editio,
1010 1130 1334 1196 adornata
1399 1151 1556 1195 cura
1615 1130 1794 1196 Justi
1853 1130 2159 1215 Henninq
2204 1130 2481 1195 Bdhmer
2507 1128 2551 1214 ¹,
2614 1151 2782 1213 quae
2841 1129 3070 1214 plures

399 1227 713 1294 lectiones
758 1229 1098 1294 variantes
1144 1229 1370 1305 refert,
1422 1232 1722 1295 attamen
1765 1230 2027 1293 textum
2075 1248 2114 1292 a
2145 1231 2340 1294 textu
2386 1227 2691 1293 editionis
2722 1228 3071 1294 Romanae

400 1346 458 1390 a.
514 1327 683 1390 1582
732 1347 929 1410 saepe
976 1330 1046 1392 et
1091 1326 1473 1392 notabiliter
1519 1327 1998 1409 discrepantem
2046 1325 2387 1392 exhibet.
2342 1322 2368 1362 ²

579 1426 640 1489 3.
688 1424 930 1502 Editio,
980 1429 1210 1490 curata
1257 1426 1338 1489 ab
1370 1426 1640 1489 Aemilio
1671 1425 1994 1489 Ludovico
2040 1420 2351 1489 Richter³
2350 1474 2369 1509 ,
2420 1445 2589 1506 quae
2634 1424 2794 1490 item
2839 1424 3071 1507 plures

398 1521 714 1587 lectiones
761 1522 1101 1588 variantes
1148 1522 1447 1600 adducit,
1509 1543 1707 1605 porro
1769 1525 1991 1588 autem
2050 1525 2313 1588 textum
2373 1521 2677 1589 editionis
2724 1523 3072 1587 Romanae

401 1623 710 1685 accurate
755 1620 982 1686 refert.
3143 1698 3149 1704 ‚

579 1719 639 1783 4.
689 1718 911 1784 Editio
943 1720 1205 1784 Aemilii
1236 1719 1590 1802 Friedberq
1616 1715 1659 1799 ⁴,
1709 1718 1819 1799 qui
1864 1717 1933 1782 in
1972 1738 2051 1782 ea
2094 1721 2358 1783 textum
2389 1717 2691 1784 editionis
2722 1718 3070 1784 Romanae

400 1819 708 1881 accurate
755 1816 1052 1882 exhibuit
1100 1817 1287 1898 eique
1334 1817 1578 1881 multas
1638 1815 1955 1881 lectiones
2010 1815 2349 1881 variantes
2367 1866 2381 1894 ,
2445 1837 2489 1881 ev
2527 1816 2822 1899 pluribus
2867 1821 3072 1899 prae-

400 1913 727 1978 stantibus
761 1914 1086 1980 codicibus
1118 1936 1294 1992 mss,
1345 1916 1427 1979 ab
1459 1914 1601 1998 ipso
1642 1913 1919 1991 collatiS,
1966 1913 2259 1990 haustaS,
2311 1914 2615 1997 apposuit
2661 1917 2730 1979 et
2774 1913 3068 2024 insuper,

400 2010 510 2074 ubi
554 2013 759 2077 verba
820 2013 1124 2079 editionis
1170 2013 1510 2078 Romanae
1557 2033 1598 2077 a
1643 2011 1865 2076 verbis
1921 2011 2321 2077 collectionis
2369 2012 2813 2079 Clementinae
2861 2011 3070 2093 origi-

398 2109 653 2174 nalibus
702 2111 961 2176 differre
1009 2110 1351 2193 cognovit,
1416 2111 1496 2176 de
1541 2112 1665 2175 hoc
1711 2110 2027 2175 lectorem
2074 2109 2297 2175 addito
2346 2110 2428 2175 ad
2474 2131 2826 2218 numerum
2862 2114 3069 2175 notae

400 2207 715 2278 asterisco
765 2209 1112 2276 certiorem
1157 2208 1510 2275 reddidit.
1465 2207 1491 2245 ⁵

576 2305 765 2372 Aliae
814 2308 1131 2373 editiones
1177 2308 1370 2390 hujus
1418 2305 1821 2371 collectionis
1851 2304 2127 2370 inferius
2174 2263 2369 2388 (part.
2405 2269 2519 2371 III.
2570 2297 2709 2390 cap.
2747 2306 2838 2388 3.)
2885 2304 3069 2372 inter

400 2401 721 2469 editiones
768 2405 973 2471 totius
1021 2405 1324 2490 Corporis
1363 2404 1532 2488 juris
1578 2403 1876 2469 canonici
1922 2403 2346 2469 adducentur.

1301 2624 1624 2715 CAPUT
1682 2625 1920 2729 QUIN
1925 2625 2158 2713 TUM.

397 2805 907 2879 Hodiernus
962 2806 1212 2878 valor
1263 2805 1535 2900 hujus
1594 2803 2161 2877 collectionis
2215 2803 2299 2875 in
2355 2829 2686 2900 genere
2744 2812 2825 2877 et
2881 2803 3063 2878 sin-

399 2926 832 3022 gulorum,
914 2951 1141 3023 quae
1206 2927 1292 2999 in
1358 2952 1454 3000 ea
1516 2927 2137 3020 continentur,
2214 2925 2305 2996 in
2374 2924 2692 3020 specie.
2798 2924 3065 3000 Prae-

696 3048 931 3146 cipui
986 3036 1625 3122 commentarii
1679 3047 1768 3119 in
1821 3046 2046 3119 hanc
2100 3046 2744 3120 collectionem.

398 3241 436 3328 ἓ
483 3239 621 3310 143.
710 3243 1080 3311 Hodiernus
1140 3244 1329 3311 valor
1387 3244 1584 3332 hujus
1634 3243 2039 3313 collectionis
2098 3243 2167 3309 in
2215 3261 2465 3329 genere
2513 3243 2581 3309 et
2627 3243 3061 3328 singulorum,

1069 3368 1237 3435 quae
1284 3351 1353 3415 in
1401 3369 1482 3417 ea
1528 3351 1969 3432 continentur,
2017 3350 2088 3415 in
2136 3350 2374 3435 specie.

577 3502 1019 3584 originarium
1052 3503 1502 3568 characterem
1534 3524 1743 3582 suum,
1778 3524 1977 3586 supra
2002 3500 2091 3586 (p.
2123 3502 2300 3584 134.)
2333 3501 2723 3586 expositum,
2760 3502 3059 3568 collectio

396 3599 558 3664 haec
606 3621 735 3681 qua
780 3601 935 3666 talis
989 3600 1264 3666 retinuit
1324 3621 1530 3683 usque
1590 3602 1674 3666 ad
1733 3601 1906 3665 hunc
1966 3600 2155 3666 diem.
2249 3599 2583 3666 Nonnulla
2643 3601 2784 3683 ejus
2846 3604 3061 3686 capita

398 3700 619 3762 autem
666 3719 970 3763 successu
1029 3699 1344 3782 temporis
1374 3698 1555 3790 sive,
1582 3720 1666 3763 ex
1712 3703 1856 3765 toto
1876 3749 1890 3777 ,
1955 3697 2095 3762 sive
2144 3718 2228 3762 ex
2273 3701 2465 3782 parte
2512 3698 2835 3780 abrogata
2882 3704 3057 3777 sunt,

397 3794 493 3858 uti
540 3795 604 3858 id
650 3795 863 3879 ipsum
912 3796 1113 3863 etiam
1161 3797 1240 3861 de
1286 3797 1612 3861 nonnullis
1660 3796 1983 3880 capitibus
2044 3795 2445 3862 collectionis
2494 3797 2942 3879 Gregorianae
2990 3803 3059 3864 et

395 3891 575 3956 Libri
608 3893 794 3958 Sexti
841 3894 1158 3971 evenisse,
1208 3915 1409 3977 supra
1453 3894 1822 3959 monuimus
1846 3892 1890 3961 ⁶.
1960 3894 2038 3959 In
2085 3897 2402 3975 quantum
2434 3897 2657 3960 autem
2687 3894 3058 3978 hujusmodi

398 3990 742 4071 abrogatio
790 3990 971 4056 facta
1016 4014 1147 4057 non
1195 3995 1330 4071 est,
1395 3992 1615 4075 capita
1673 3992 1867 4074 hujus
1929 3990 2329 4057 collectionis
2390 4013 2508 4056 suo
2563 3993 2791 4058 valore
2836 3993 3056 4076 legali,

398 4109 604 4171 eoque
651 4088 1023 4166 universali,
1072 4092 1363 4171 gaudent
1410 4111 1616 4173 usque
1663 4091 1749 4155 ad
1793 4110 2126 4173 praesens.

578 4234 596 4267 ¹
634 4232 697 4284 In
732 4234 861 4284 tom.
900 4232 967 4285 II.
1010 4231 1163 4302 Corp.
1198 4232 1305 4302 jur.
1345 4249 1480 4297 can„
1519 4232 1588 4286 ab
1622 4232 1744 4302 ipso
1781 4232 1956 4286 Halae
1997 4232 2132 4286 1747
2172 4231 2435 4300 evulgati.

577 4312 596 4344 ²
636 4311 746 4364 Cfr.
788 4311 853 4364 de
889 4310 993 4364 hac
1030 4312 1264 4365 editione
1290 4313 1600 4380 Friedbery,
1637 4312 1695 4365 in
1724 4312 1879 4382 Corp.
1913 4313 2021 4382 jur.
2048 4329 2166 4365 can.
2193 4315 2332 4382 part.
2360 4313 2427 4366 H.
2462 4310 2707 4382 prolegg.
2736 4312 2836 4366 col.
2863 4312 3055 4366 LXIII.

575 4392 596 4427 ⁸
632 4391 695 4443 In
731 4395 887 4461 parte
926 4393 992 4445 II.
1034 4392 1188 4462 Corp.
1221 4393 1330 4463 jur.
1368 4410 1505 4456 can„
1543 4393 1612 4446 ab
1649 4392 1838 4445 eodem
1874 4393 2020 4462 Lips.
2064 4392 2200 4446 1839
2238 4391 2386 4446 editi.

477 4505 481 4509 -
573 4472 598 4507 ⁴
635 4464 785 4536 Quae
821 4472 1053 4548 habetur
1089 4472 1146 4525 in
1182 4475 1337 4542 parte
1363 4473 1430 4527 II.
1459 4473 1615 4542 Gorp.
1649 4478 1757 4540 jur.
1798 4490 1933 4536 can„
1973 4472 2041 4525 ab
2078 4471 2196 4542 ipso
2234 4471 2481 4539 evulgati
2505 4471 2654 4542 Lips.
2686 4472 3053 4528 1879—1881.

578 4554 598 4586 ⁵
634 4552 695 4604 In
731 4552 1001 4620 reliquum
1054 4553 1118 4606 de
1155 4553 1364 4606 ratione
1402 4555 1459 4607 et
1493 4552 1671 4606 indole
1723 4552 1885 4622 hujus
1924 4551 2175 4606 editionis
2212 4552 2338 4606 vide
2376 4569 2470 4617 ea,
2523 4569 2664 4621 quae
2714 4555 2904 4607 auctor
2938 4553 3054 4624 ipse

400 4629 531 4684 dicit
567 4630 622 4683 in
662 4632 777 4686 citt.
816 4633 1062 4702 prolegg.
1103 4632 1203 4686 col.
1242 4632 1436 4687 LXIlI.
1474 4650 1556 4701 sq.

577 4713 598 4747 θ
636 4711 745 4765 cfr.
797 4730 849 4782 p.
891 4714 1010 4767 156.
1048 4730 1130 4782 sq.
1180 4716 1236 4766 et
1276 4712 1394 4766 193.
1434 4712 1553 4777 Qua
1598 4712 1808 4766 ratione
1858 4731 1912 4766 v.
1952 4730 2005 4779 g.
2059 4729 2174 4783 cap.
2215 4713 2265 4767 3.
2318 4713 2384 4766 de
2436 4716 2604 4766 aetat.
2656 4715 2714 4766 et
2762 4712 2953 4781 qualit.
2998 4712 3053 4765 in

400 4789 564 4843 Clem.
604 4789 645 4844 Ι.
686 4794 734 4844 6.
772 4796 1043 4846 mutatum
1081 4796 1168 4847 est
1203 4811 1300 4863 per
1339 4792 1539 4846 Concil.
1579 4791 1726 4846 Trid.
1765 4809 1900 4847 sess,
1939 4792 2137 4847 XXIII.
2177 4793 2244 4847 de
2280 4793 2495 4846 reform.
2535 4810 2653 4862 cap.
2696 4793 2780 4846 12.
