3355 5328
348 303 452 360 196
1143 307 1281 362 Pars
1318 308 1386 363 ΙΙ.
1440 308 1797 364 Collectiones
1836 309 2208 365 decretalium.

524 467 592 549 a)
637 469 856 533 Dinus
917 470 996 533 de
1039 468 1427 533 Rossonibus
1439 520 1461 552 ,
1526 489 1729 553 supra
1774 468 1866 553 (p.
1919 469 2096 551 177.)
2157 470 2499 536 occasione
2562 470 3015 538 adornationis

341 565 521 631 Libri
583 565 771 633 Sexti
829 568 1232 632 memoratus
1255 616 1269 644 ,
1337 565 1448 649 qui
1512 566 1777 651 scripsit
1842 567 2385 635 commentarium
2455 567 2701 653 „Super
2762 569 3016 653 regulis

336 663 539 748 J'uris“
554 713 569 742 ,
632 663 743 747 qui
798 663 862 728 in
911 664 1207 748 plurimis
1268 664 1596 730 codicibus
1641 686 1797 731 mss.
1848 670 1917 733 et
1963 665 2164 732 etiam
2210 666 2278 732 in
2323 667 2548 734 multis
2595 667 3013 747 editionibuS,

342 761 442 827 uti
487 783 551 828 V.
599 782 664 844 g.
712 762 900 828 Rom.
955 765 1146 840 1472,
1195 762 1480 829 occurrit
1508 761 1551 829 ¹.

521 859 592 942 b)
624 860 964 946 Philippus
987 862 1304 943 Francus,
1338 881 1540 944 supra
1571 859 1659 944 (p.
1693 859 1870 943 195.)
1901 860 2229 939 laudatuS,
2264 861 2448 945 cujus
2479 862 3009 943 commentariuS,

342 955 731 1042 inscriptus:
812 958 1130 1037 „Lectura
1199 978 1397 1042 super
1464 958 1659 1026 titulo
1722 958 1804 1024 de
1861 959 2107 1040 regulis
2168 959 2336 1043 juris
2396 960 2464 1025 in
2523 961 2673 1027 VI.“
2689 1011 2704 1040 ,
2764 962 3014 1046 prodiit

342 1054 581 1123 Venet.
637 1057 805 1121 1499
839 1051 884 1123 ².

1122 1295 1599 1403 sEc‘mo
1677 1297 2221 1418 QUINTA.

343 1503 741 1563 Collectio
771 1503 1454 1563 constitutionum
1478 1506 1756 1583 Bapae
1780 1506 2228 1565 Clementis
2248 1507 2343 1565 V.
2366 1523 2439 1565 a.
2463 1507 2727 1580 (1314)
2748 1507 2938 1566 13Ιῖ
2957 1512 3011 1565 ⁸.

1282 1689 1603 1778 CAPUT
1655 1690 2071 1778 PRIMUM.

339 1868 556 1966 Ejus
614 1868 865 1964 origo
923 1878 1004 1943 et
1058 1870 1612 1967 publicati0‚
1689 1873 1880 1968 ejus
1949 1871 2469 1966 designatio
2525 1881 2615 1946 et
2668 1871 3009 1946 divisio

606 2000 684 2065 et
740 2016 923 2065 eam
977 1991 1316 2065 citandi
1370 1993 1639 2088 ratio,
1699 1992 2132 2066 hodierna
2188 2003 2274 2068 et
2325 1993 2742 2090 pristina.

1030 2196 1090 2281 ξ.
1138 2193 1273 2263 129.
1366 2197 1527 2286 Ejus
1576 2198 1764 2285 origo
1813 2199 1881 2264 ct
1926 2197 2307 2285 publicatio.

519 2358 861 2425 Publicato
922 2358 1026 2423 die
1076 2361 1137 2424 3.
1185 2359 1381 2423 Mart.
1437 2359 1607 2423 1298
1662 2357 1860 2422 Libro
1909 2356 2112 2423 Sexto
2172 2378 2329 2422 mox
2390 2358 2559 2423 aliae
2617 2358 3008 2443 prodierunt

343 2457 706 2524 decretales
767 2461 836 2522 et
899 2456 1403 2522 constitutiones
1465 2455 1841 2540 pontificiae
1863 2504 1878 2533 ,
1944 2459 2087 2521 tum
2145 2455 2367 2540 Papae
2425 2457 2757 2540 Bonifaeii
2816 2458 3002 2523 VIII.

341 2554 413 2638 (†
449 2558 550 2622 11.
587 2556 851 2622 Octobr.
889 2554 1108 2638 1303),
1156 2559 1299 2621 tum
1337 2555 1477 2638 ejus
1523 2575 1992 2631 successorum,
2041 2554 2371 2619 Benedicti
2402 2555 2525 2620 XI.
2561 2552 2694 2637 (22.
2732 2554 2999 2621 Octobr.

346 2655 671 2721 1303—7.
719 2653 851 2721 Jul.
890 2652 1108 2737 1304),
1161 2654 1492 2719 Clementis
1552 2653 1621 2719 V.
1672 2651 1762 2734 (5.
1797 2652 1947 2719 Jun.
2002 2653 2371 2719 1305Ἷ-20,
2416 2653 2622 2738 April.
2662 2653 2883 2736 1314),
2932 2658 3005 2721 et

340 2753 533 2837 hujus
572 2753 831 2835 quidem
877 2756 1017 2818 tum
1064 2752 1132 2816 in
1162 2752 1455 2833 generali
1487 2751 1771 2817 Concilio
1803 2753 2146 2818 Viennensi
2177 2751 2266 2833 (1.
2303 2752 2568 2819 Octobr.
2607 2755 2774 2817 1311
2810 2773 2873 2818 u.
2916 2753 3004 2817 ad

343 2854 402 2920 6.
452 2851 611 2935 Maji
662 2850 860 2933 1312)
881 2848 926 2930 ⁴,
988 2854 1130 2916 tum
1177 2854 1332 2916 ante
1379 2855 1447 2917 et
1491 2853 1644 2934 post
1689 2849 1849 2915 illud
1896 2849 2144 2928 editae,
2201 2871 2396 2934 porro
2443 2851 2721 2916 Joannis
2766 2851 3000 2917 XXII.

340 2948 431 3030 (7.
480 2950 761 3030 August.
816 2950 1140 3014 1316-4,
1190 2948 1531 3014 Decembr.
1586 2951 1820 3033 1334),
1881 2949 2213 3014 Benedicti
2258 2949 2418 3014 XII.
2472 2946 2607 3030 (20.
2655 2950 3001 3017 Decembr.

346 3049 717 3116 1334-25,
765 3046 973 3131 April.
1027 3047 1227 3128 1342)
1275 3050 1344 3112 et
1389 3046 1810 3128 reliquorum.

518 3146 704 3211 Inter
749 3144 958 3210 dictos
1008 3144 1306 3209 Summos
1352 3144 1705 3211 Pontifices
1755 3144 2035 3210 Clemens
2073 3145 2166 3228 V.,
2218 3165 2417 3226 quum
2461 3145 2807 3210 nonnullas
2852 3144 3003 3210 illa-

340 3267 486 3310 rum
534 3243 1074 3311 constitutionum
1135 3265 1402 3309 suarum
1454 3244 1595 3328 jam
1652 3243 1834 3327 prius
1877 3242 2347 3326 publicavisset
2373 3240 2418 3322 ⁵,
2481 3245 2703 3327 plures
2750 3264 3001 3321 earum,

340 3364 505 3426 quas
549 3347 693 3410 tum
739 3342 806 3407 in
852 3342 1146 3424 generali
1193 3341 1462 3408 concilio
1510 3340 1899 3419 Viennensi,
1948 3344 2088 3406 tum
2135 3344 2290 3406 ante
2338 3362 2415 3405 ac
2460 3345 2611 3425 post
2655 3341 2816 3406 illud
2864 3341 3003 3406 edi-

343 3443 551 3520 derat,
599 3440 667 3506 in
712 3462 914 3506 unum
963 3440 1231 3522 collegit
1279 3442 1347 3505 et
1392 3440 1561 3505 hanc
1609 3438 2059 3504 collectionem
2078 3488 2092 3516 ,
2143 3439 2227 3504 ad
2271 3438 2483 3504 instar
2528 3438 2818 3523 priorum
2866 3440 3002 3505 col-

339 3540 693 3606 lectionum
726 3538 1150 3604 decretalium
1190 3537 1594 3622 dispositam,
1644 3538 1712 3602 in
1745 3535 2129 3602 consistorio
2163 3536 2622 3615 Cardinalium,
2670 3536 2738 3601 in
2778 3541 3001 3604 castro

342 3637 422 3702 de
453 3638 766 3702 Montiliis
791 3634 1205 3718 (Monteaux)
1236 3656 1444 3720 prope
1469 3635 2016 3719 Carpentoratum
2041 3633 2493 3718 (Carpentras)
2525 3634 2593 3699 in
2619 3634 2831 3700 Gallia
2860 3657 3002 3700 me-

339 3735 660 3812 ridionali,
710 3734 814 3800 die
848 3737 953 3800 21.
987 3735 1184 3799 Mart.
1224 3736 1396 3800 1314
1426 3732 1673 3810 habito,
1706 3732 2068 3816 publicavit
2088 3729 2133 3811 ⁶,
2184 3735 2383 3814 atque
2416 3732 2617 3798 etiam
2649 3733 2768 3798 sub
2800 3750 3001 3816 pecu-

519 3902 539 3936 ¹
580 3901 806 3968 Schulte,
844 3899 945 3953 Die
983 3898 1310 3954 Geschichte
1349 3899 1444 3952 der
1481 3897 1723 3963 Quellen,
1761 3901 1891 3952 tom.
1929 3899 1997 3952 lI.
2036 3917 2088 3969 p.
2131 3899 2248 3953 176.
2288 3916 2369 3967 sq.

521 3981 540 4014 ²
581 3981 794 4033 Schulte
829 3979 865 4033 1.
905 3997 951 4033 c.
990 3997 1041 4049 p.
1082 3980 1203 4034 342.

520 4061 541 4096 ⁸
579 4061 838 4127 Phillips,
889 4058 1312 4123 Kirchenrecht,
1367 4061 1496 4112 tom.
1536 4059 1629 4112 IV.
1683 4076 1734 4128 p.
1774 4058 2124 4122 373.—392.;
2183 4060 2396 4112 Schulte
2444 4057 2480 4112 l.
2535 4077 2581 4112 c.
2632 4076 2684 4128 p.
2722 4058 3000 4124 45.-—50.;

338 4142 651 4208 Friedbery,
687 4138 746 4192 in
784 4138 871 4192 cit.
914 4139 1067 4208 Corp.
1101 4139 1209 4208 jur.
1248 4157 1366 4193 can.
1405 4142 1544 4208 part.
1583 4139 1650 4192 H.
1690 4138 1934 4208 prolegg.
1974 4139 2073 4192 col.
2112 4138 2542 4193 LVII.——LXIV.

343 4224 349 4232 '
517 4222 542 4256 ⁴
580 4217 1020 4283 constitutiones,
1057 4218 1115 4271 in
1154 4218 1391 4273 Concilio
1431 4218 1673 4286 generali
1710 4221 1997 4272 Viennensi
2033 4218 2236 4284 editae,
2289 4219 2600 4273 referuntur
2635 4219 2779 4273 inter
2816 4222 3002 4274 cetera

339 4302 484 4372 apud
520 4302 877 4354 Harduinum
913 4302 1040 4353 tom.
1081 4299 1200 4353 VII.
1241 4299 1340 4353 col.
1383 4298 1771 4353 1321.—-1362.

520 4383 540 4416 ⁵
579 4384 741 4434 Joan.
782 4382 1036 4433 Andreae
1070 4378 1127 4432 in
1164 4379 1350 4447 glossa
1387 4379 1456 4433 ad
1493 4379 1676 4449 Papae
1716 4382 1879 4433 Joan.
1919 4379 2092 4433 XXII.
2133 4382 2335 4434 const:
2399 4381 2666 4446 Quoniam
2701 4382 2889 4449 nulla,
2941 4379 3001 4433 in

338 4463 517 4515 fronte
553 4461 716 4531 hujus
754 4458 1089 4514 collectionis
1125 4460 1375 4529 positam,
1412 4477 1467 4513 v,
1506 4461 1570 4512 de
1607 4467 1812 4513 caetero
1825 4479 1848 4527 ,·
1885 4461 2182 4528 Friedbery
2217 4460 2253 4514 l.
2293 4478 2339 4514 c.
2380 4460 2480 4515 col.
2518 4460 2684 4514 LVII.
2723 4478 2805 4528 sq.

519 4544 541 4578 ⁶
580 4544 912 4595 Ptolemaeus
948 4542 1012 4593 de
1047 4542 1388 4594 Fiadonibus
1430 4539 1900 4608 (Bartholomaeus
1936 4542 2223 4609 Lucensis,
2261 4542 2294 4605 †
2335 4539 2497 4609 1327)
2518 4582 2531 4604 ,
2568 4540 2713 4594 Hist.
2752 4539 2902 4604 eccl„
2940 4539 3000 4593 in

340 4624 636 4690 Muratori,
675 4621 978 4692 Scriptores
1013 4638 1197 4675 rerum
1234 4620 1420 4684 italio„
1459 4621 1541 4674 ed.
1580 4619 1797 4674 Mediol.
1829 4621 1966 4674 1723
2004 4638 2144 4689 sqq„
2180 4624 2310 4675 tom.
2349 4620 2441 4674 XI.
2482 4620 2582 4674 col.
2625 4620 2811 4684 1241.;
2860 4621 2998 4673 Con-

337 4704 512 4756 radus
548 4704 1036 4756 Halberstadiensis
1078 4701 1165 4770 (O.
1192 4701 1245 4755 S.
1272 4700 1355 4764 D.,
1393 4701 1591 4755 florens
1629 4718 1772 4755 saec.
1798 4699 1990 4768 XIV.),
2029 4700 2251 4754 Summa
2288 4699 2638 4762 studentium,
2675 4699 2732 4753 in
2776 4702 2998 4767 G'eoryii

337 4785 605 4838 Ludovici
641 4784 905 4851 Bo’hmer,
945 4781 1079 4836 Jsci.
1119 4781 1299 4836 Germ.
1344 4781 1398 4849 (†
1439 4781 1620 4849 1797),
1661 4781 1975 4835 Observatt.
2007 4781 2114 4851 jur.
2153 4798 2373 4845 canon.,
2428 4781 2510 4834 ed.
2550 4780 2795 4847 Gotting.
2838 4780 2995 4844 1767,
