3355 5328
1343 278 1556 355 'sectio
1592 301 1660 355 Π.
1714 299 1747 368 5
1785 301 1871 356 81.
2851 299 2959 355 1427

301 461 432 526 mul
475 461 628 527 illae
673 461 943 528 Decreti
1002 460 1468 538 auctoritates,
1531 460 1626 527 ita
1673 460 2024 541 allegatae,
2074 462 2399 541 quatenus
2445 461 2645 525 antea
2702 457 2962 523 nonnisi

303 559 760 642 particularem
819 560 929 625 vel
988 559 1190 625 etiam
1235 559 1487 623 nullum
1530 558 1815 641 legalem
1860 557 2154 622 valorem
2199 557 2603 635 habuerunt,
2665 557 2958 622 valorem

302 656 460 739 legis
522 657 1008 724 ecclesiasticae
1054 655 1478 734 universalis,
1541 676 1738 738 quem
1784 654 2080 721 collectio
2127 654 2310 739 ipsa
2315 653 2549 776 habet,
2600 653 2957 721 obtinuisse

307 755 617 821 dicendae
665 758 890 821 sunt.
849 753 870 792 ¹

472 854 712 919 Paleae
740 852 1010 920 Decreti
1038 851 1299 934 utique,
1350 850 1543 917 sicuti
1587 851 1656 915 in
1688 848 2266 934 Compilationibus
2299 849 2587 931 antiquis
2634 854 2702 916 et
2748 849 2956 915 nomi-

299 951 506 1018 natim
540 954 787 1036 prima,
837 952 918 1016 ob
967 971 1233 1015 causam
1276 949 1520 1015 ibidem
1564 951 2001 1014 memoratam
2021 945 2066 1027 ²,
2116 947 2212 1014 ita
2243 947 2444 1014 etiam
2474 947 2541 1013 in
2573 948 2957 1014 collectione

294 1049 706 1132 Gregoriana
753 1052 860 1115 sat
906 1049 1155 1115 multae
1200 1047 1579 1113 referuntur
1598 1043 1643 1114 ³.

292 1264 333 1350 ξ
382 1262 474 1333 81.
571 1264 1038 1333 consideratae
1083 1265 1153 1331 in
1198 1265 1525 1333 relatione
1573 1264 1660 1332 ad
1706 1265 1859 1330 illas
1904 1263 2080 1351 juris
2131 1262 2567 1331 ecclesiastici
2616 1264 2953 1350 generalis

294 1390 575 1456 normae„
625 1392 792 1460 quae
842 1374 996 1440 ante
1028 1373 1383 1440 Decretum
1416 1372 1721 1440 Gratiani
1769 1371 2010 1454 editae,
2060 1369 2177 1438 sed
2212 1388 2426 1455 neque
2457 1369 2526 1435 in
2557 1370 2693 1453 illo,
2741 1390 2952 1458 neque

762 1478 834 1544 in
878 1479 1004 1545 hac
1051 1477 1485 1545 decretalium
1534 1477 1919 1545 collectione
1965 1475 2260 1542 insertae
2308 1475 2481 1541 sunt.

471 1638 698 1716 Quoad
743 1638 865 1703 has
910 1659 1176 1704 normas
1215 1638 1384 1722 juris
1431 1640 1534 1702 est
1581 1636 1878 1703 collectio
1921 1637 2215 1720 Greyorii
2259 1635 2480 1719 Papae
2525 1634 2635 1701 IX.
2685 1635 2953 1720 pariter,

292 1736 390 1802 uti
443 1737 654 1802 relate
713 1737 797 1801 ad
843 1735 1349 1820 Compilationes
1410 1735 1718 1817 antiquas
1736 1785 1751 1813 ‚
1815 1734 2184 1810 exclusiva3
2247 1733 2313 1797 id
2374 1733 2545 1815 quod
2605 1733 2955 1800 manifeste

291 1834 509 1899 elucet
557 1855 642 1898 ex
685 1833 808 1912 hie,
859 1855 1026 1916 quae
1073 1837 1455 1917 sequuntur.

470 1940 575 2004 Illi
621 1940 747 2004 viri
793 1940 1063 2018 eruditi,
1127 1940 1237 2022 qui
1282 1943 1434 2024 post
1494 1939 1742 2029 editum
1788 1939 2143 2024 Decretum
2192 1937 2490 2004 Gratiani
2537 1939 2953 2006 collectiones

284 2037 455 2122 juris
500 2037 927 2104 ecclesiastici
973 2038 1388 2103 adornandae
1435 2041 1866 2121 susceperunt
1884 2087 1898 2115 ,
1959 2058 2091 2102 non
2136 2037 2347 2102 solum
2389 2036 2458 2100 id
2504 2030 2952 2115 intendebant,

292 2140 365 2202 ut
423 2137 782 2202 Decretum
844 2135 1145 2202 Gratiani
1204 2157 1410 2218 usque
1473 2136 1556 2200 ad
1617 2156 1854 2201 aevum
1917 2156 2106 2200 suum
2166 2134 2626 2200 continuarent
2644 2184 2658 2213 ,
2721 2156 2953 2200 verum

288 2233 515 2312 etiam,
564 2237 639 2299 ut
682 2233 862 2313 illud,
911 2234 979 2298 in
1026 2237 1342 2316 quantum
1388 2234 1659 2298 lacunas
1690 2233 1997 2311 habebat,
2048 2233 2484 2316 complerent;
2534 2231 2704 2297 unde
2751 2232 2954 2298 etiam

287 2331 439 2397 illas
487 2332 901 2399 collectiones
941 2332 1108 2416 juris
1154 2331 1599 2409 ecclesiastici,
1651 2352 1820 2414 quae
1859 2332 1999 2415 jam
2052 2334 2208 2396 ante
2251 2331 2606 2395 Decretum
2655 2331 2953 2397 Gratiani

287 2430 692 2497 exstiterant
737 2452 814 2496 ac
876 2430 1077 2496 etiam
1123 2452 1164 2495 a
1213 2429 1530 2496 Gratiano
1576 2429 1644 2494 in
1705 2428 2082 2495 adornando
2128 2429 2413 2494 Decreto
2470 2428 2802 2494 adhibitae
2848 2429 2953 2495 fu-

285 2531 513 2606 erant,
579 2529 790 2594 denuo
849 2529 1303 2594 lustraverunt
1325 2578 1339 2607 ,
1404 2531 1472 2593 et
1519 2528 1575 2592 si
1621 2528 1775 2611 quid
1820 2526 2197 2610 indigentiis
2245 2526 2394 2591 aevi
2439 2526 2540 2593 sui
2587 2548 2952 2610 congruens

285 2625 355 2691 in
402 2625 535 2692 illis
581 2626 973 2693 invenerunt
996 2678 1010 2707 ,
1061 2626 1232 2710 quod
1280 2647 1320 2693 a
1369 2626 1686 2693 Gratiano
1733 2625 2269 2712 praetermissum
2317 2645 2463 2691 esse
2510 2625 2806 2693 sciebant
2824 2677 2838 2705 ,
2887 2625 2954 2692 id

284 2729 766 2809 excerpserunt
799 2729 881 2794 ,et
938 2725 1006 2790 in
1066 2746 1221 2790 suas
1267 2724 1687 2792 collectiones
1747 2725 2146 2801 retulerunt3
2208 2724 2306 2790 uti
2361 2723 2748 2791 nominatim
2793 2726 2951 2791 Ber-

283 2824 542 2888 nardus
604 2824 946 2909 Papiensis
1004 2822 1072 2887 in
1133 2821 1579 2888 concinnando
1641 2843 1759 2887 suo
1818 2821 2161 2887 Breviario
2216 2821 2820 2905 Extravagantium
2881 2844 2952 2888 se

283 2918 525 2986 fecisse
573 2942 884 3005 expresse
937 2924 1227 2987 testatur
1252 2919 1297 2998 ⁴,
1361 2924 1430 2985 et
1474 2921 1742 3004 insuper
1788 2941 1872 2985 ex
1919 2941 1996 2985 eo
2057 2920 2271 2986 elucet
2292 2970 2306 2999 ,
2374 2921 2545 3003 quod
2604 2942 2839 2986 revera
2884 2921 2952 2986 in

282 3017 466 3085 'dicto
496 3018 838 3084 Breviario
870 3019 1079 3084 multa
1112 3017 1547 3096 continentur,
1598 3039 1767 3101 quae
1800 3018 1884 3083 ad
1929 3022 2229 3103 tempora
2263 3018 2580 3084 Gratiano
2619 3015 2951 3085 anteriora

278 3115 622 3200 pertinent
648 3115 691 3182 ⁵.
771 3116 846 3181 Id
893 3117 1065 3199 quod
1112 3116 1314 3182 etiam
1362 3116 1441 3181 de
1489 3115 1961 3200 compilatione
2008 3117 2293 3191 secunda
2338 3118 2521 3183 valet
2547 3116 2590 3184 ⁶.
2669 3117 2951 3183 Proinde

282 3234 515 3279 omnes
560 3214 711 3279 illae
759 3235 1027 3280 normae
1068 3213 1234 3298 juris
1281 3214 1707 3280 ecclesiastici
1745 3213 2091 3296 generaliS,
2140 3235 2304 3297 quas
2349 3214 2442 3279 illi
2492 3216 2950 3300 compilatores

277 3310 358 3376 inv
399 3311 890 3378 collectionibus
925 3311 1239 3378 Gratiano
1272 3310 1710 3378 anterioribus
1756 3311 2144 3378 invenerant
2187 3316 2255 3378 et
2299 3312 2368 3376 in
2397 3313 2751 3378 Decretum
2785 3313 2950 3378 Gra-

280 3408 454 3474 tiani
483 3413 787 3493 receptas
817 3432 948 3475 non
980 3430 1125 3475 esse
1157 3409 1473 3488 sciebant,
1522 3414 1591 3475 et
1621 3413 1847 3475 tamen
1878 3409 2444 3494 compilationibus
2491 3411 2624 3475 suis
2656 3410 2949 3476 inseren-

282 3506 405 3572 das
455 3529 584 3572 non
633 3511 1048 3586 censuerunt,
1099 3508 1181 3572 ab
1227 3506 1458 3572 iisdem
1504 3529 1622 3591 pro
1663 3507 1802 3591 jam
1851 3506 2211 3590 antiquatis
2258 3511 2327 3574 et
2370 3509 2621 3573 nullum
2669 3509 2948 3593 amplius

276 3625 402 3688 pro
454 3604 598 3670 foro
647 3605 1089 3672 ecclesiastico
1138 3627 1325 3670 usum
1371 3604 1863 3690 praestantibus
1908 3604 2176 3672 habitae
2223 3610 2448 3673 sunt.
2404 3606 2429 3645 ⁷
2523 3673 2526 3674 ⁷

467 3710 678 3787 Quum
723 3716 945 3778 autem
975 3713 1158 3797 Papa
1191 3713 1539 3798 Greyorius
1570 3711 1717 3796 LX„
1766 3711 1863 3777 uti
1911 3733 1947 3777 e
1992 3712 2297 3797 praefata
2342 3714 2483 3798 ejus
2527 3714 2707 3779 bulla
2737 3714 2948 3800 publi-

277 3808 598 3874 cationis.
646 3811 786 3875 Rex
819 3811 1132 3895 pacificus
1179 3810 1412 3888 elucet,
1460 3830 1648 3875 suam
1681 3764 2106 3876 decretalium
2138 3811 2588 3878 collectionem
2633 3812 2703 3877 in
2731 3814 2949 3879 locum

468 4023 489 4058 ²
529 4019 637 4074 cfr.
677 4038 844 4090 supra
880 4039 932 4091 p.
973 4023 1056 4075 76.
1095 4039 1177 4091 sq.
1361 4022 1382 4056 ²
1421 4021 1529 4076 cfr.
1569 4039 1735 4092 supra
1771 4040 1822 4092 p.
1865 4023 1984 4076 103.

467 4110 488 4144 ⁸
527 4108 616 4163 Sic
654 4127 706 4163 v.
746 4126 800 4177 g.
839 4109 1008 4163 Palea
1058 4128 1174 4164 can.
1216 4111 1264 4164 3.
1302 4111 1366 4164 D.
1406 4110 1545 4165 LIV.
1597 4110 1654 4166 in
1707 4129 1822 4181 cap.
1876 4129 1964 4165 un.
2003 4111 2069 4165 X.
2109 4112 2175 4165 de
2226 4112 2448 4180 obligat.
2502 4115 2571 4168 ad
2621 4115 2864 4171 ratiocin.
2903 4118 2944 4172 I.

277 4191 402 4254 19.;
442 4188 612 4243 Palea
651 4207 696 4243 c.
736 4190 785 4244 2.
828 4189 885 4244 C.
925 4189 1017 4243 XI.
1058 4207 1146 4259 qu.
1190 4190 1236 4244 1.
1275 4189 1333 4242 in
1370 4208 1415 4244 c.
1454 4191 1503 4244 2.
1543 4190 1609 4245 Χ.
1651 4192 1716 4244 de
1754 4191 1868 4244 foro
1908 4195 2135 4261 compet.
2174 4192 2240 4246 H.
2281 4192 2361 4257 2.;
2400 4193 2567 4247 Palea
2605 4213 2650 4249 c.
2692 4197 2738 4250 7.
2781 4196 2838 4250 C.
2876 4198 2944 4252 H.

276 4286 373 4338 qu.
407 4270 454 4323 1.
493 4268 550 4322 in
589 4287 633 4322 c.
662 4269 710 4323 2.
738 4269 804 4323 Χ.
845 4270 911 4323 de
947 4272 1075 4323 test.
1114 4270 1182 4323 II.
1210 4270 1326 4334 20.;
1365 4269 1532 4324 Palea
1570 4289 1615 4325 c.
1644 4271 1730 4324 22.
1757 4271 1822 4324 D.
1855 4270 2098 4325 LXXXI.
2135 4271 2193 4325 in
2231 4290 2276 4326 c.
2304 4273 2352 4327 2.
2381 4273 2448 4327 Χ.
2489 4274 2552 4328 de
2591 4275 2776 4330 cohab.
2817 4277 2944 4334 cler.

276 4353 338 4404 et
375 4348 509 4403 mul.
549 4348 643 4402 ΙΠ.
683 4350 763 4413 2.;
809 4349 978 4403 Palea
1015 4367 1060 4403 c.
1099 4349 1150 4403 2.
1192 4349 1248 4403 C.
1287 4349 1460 4405 XVII.
1501 4367 1589 4418 qu.
1627 4352 1679 4405 4.
1719 4350 1775 4404 in
1813 4369 1857 4405 c.
1898 4351 1947 4406 3.
1985 4351 2052 4405 X.
2092 4352 2159 4405 de
2195 4354 2481 4422 praebend.
2521 4354 2614 4409 111.
2655 4356 2730 4420 5.;
2778 4347 2947 4413 Palea

274 4447 326 4484 c.
370 4431 424 4483 6.
464 4429 522 4483 C.
560 4428 627 4482 X.
668 4447 757 4498 qu.
797 4428 846 4483 2.
893 4428 951 4481 in
988 4446 1033 4483 c.
1077 4430 1123 4483 1.
1163 4429 1229 4483 X.
1286 4430 1350 4484 de
1401 4448 1607 4500 precar.
1654 4431 1750 4485 ΠΙ.
1803 4432 1916 4494 14.;
1968 4431 2136 4485 Palea
2174 4450 2219 4487 c.
2259 4434 2344 4487 55.
2386 4432 2442 4486 G.
2482 4433 2600 4488 XII.
2650 4453 2738 4505 qu.
2787 4437 2835 4491 2.
2887 4438 2946 4493 in

273 4527 326 4564 c.
367 4510 424 4563 4.
463 4508 529 4563 X.
571 4509 636 4562 de
672 4527 776 4563 rer.
816 4512 1046 4579 permut.
1085 4509 1180 4564 III.
1224 4511 1306 4564 19.

465 4597 491 4632 ⁴
526 4597 701 4668 Supra
738 4616 789 4667 p.
833 4598 950 4653 102.
1134 4599 1154 4633 ⁵
1193 4598 1303 4652 Cfr.
1342 4616 1507 4669 supra
1543 4617 1594 4668 p.
1638 4599 1756 4654 102.
1795 4603 1904 4654 not.
1945 4601 1994 4655 3.

467 4687 489 4723 ⁶
529 4686 636 4740 Cfr.
677 4703 842 4757 supra
879 4705 931 4757 p.
974 4687 1136 4770 119.-

469 4777 489 4811 '1
528 4777 758 4844 Schulte,
794 4774 896 4829 Die
932 4775 1106 4830 Lehre
1143 4794 1253 4830 von
1290 4777 1394 4831 den
1432 4776 1660 4842 Quellen
1696 4778 1792 4831 des
1828 4778 1981 4832 kath.
2020 4779 2459 4846 KirchenrechtS,
2497 4800 2548 4852 p.
2588 4784 2708 4839 340.

2409 4874 2475 4922 10
2494 4873 2529 4909 θ
