3355 5328
411 291 480 346 66
1306 292 1444 345 Pars
1484 291 1525 344 1.
1578 289 1871 345 Decretum
1908 290 2173 345 Gratiani.

410 454 540 520 Ubi
587 475 745 519 vero
795 456 1125 530 occurret,
1189 452 1245 516 si
1292 473 1410 518 eae
1471 452 1644 534 apud
1692 451 2050 516 Martinum
2097 452 2570 518 Bracarensem
2629 451 3065 536 reperiantur,

411 553 478 617 in
523 552 820 634 margine
866 551 963 616 ita
1008 554 1308 617 notetur:
1371 548 1714 614 Invenitur
1773 549 1946 632 apud
1993 549 2350 616 Martinum
2395 551 2870 616 Bracarensem
2930 550 3067 633 epi·

412 672 680 734 scopum
726 649 794 714 in
855 648 1156 732 capitulis
1203 649 1601 731 synodorum
1647 668 2037 729 graecarum
2085 669 2225 732 cap.
2265 702 2277 714 .
2317 701 2329 714 .
2369 674 2418 725 .;
2468 649 2861 714 monendum
2908 668 3067 713 vero

409 749 725 814 lectorem
771 748 839 811 in
884 746 1330 812 notationibus
1349 796 1363 823 ,
1421 747 1567 810 loca
1622 745 1736 810 illa
1797 745 1952 809 alibi
2011 745 2284 812 inventa
2343 767 2472 811 non
2530 745 2735 811 fuisse
2753 796 2767 823 ,
2829 745 2957 811 nisi
3001 744 3069 810 in

412 847 696 912 Martino
743 845 1134 910 Bracarensi
1183 845 1506 927 episcopo.

588 945 698 1010 XI.
750 944 1053 1025 Singulas
1101 942 1474 1008 notationes
1520 941 1801 1025 propriis
1848 942 2137 1007 numeris
2184 946 2253 1008 et
2299 942 2504 1024 signis
2552 941 3067 1024 distinguendae,

411 1043 784 1124 eisdemque
846 1039 1259 1106 conficiendis
1319 1039 1585 1123 praefici
1639 1040 1781 1105 DD.
1832 1039 2200 1105 Marianum
2219 1090 2233 1117 ,
2296 1039 2666 1106 Parisetum
2684 1090 2698 1116 ,
2760 1040 3070 1105 Latinum

411 1163 489 1206 ac
535 1139 974 1205 Thomasium.

588 1238 732 1303 XII.
797 1236 1064 1313 Quoties
1113 1235 1466 1301 Gratianus
1528 1256 1614 1299 ex
1673 1235 2049 1301 auctoribus
2111 1235 2315 1299 sacris
2375 1256 2640 1300 sensum
2685 1235 2904 1318 potius
2954 1255 3071 1299 ex·

411 1337 672 1421 pressit,
724 1356 921 1418 quam
966 1334 1171 1399 verba
1216 1333 1397 1416 ipsa,
1450 1333 1506 1397 si
1553 1332 1849 1399 adhibita
1897 1332 2195 1414 diligenti
2240 1332 2751 1415 investigatione
2799 1337 2868 1399 et
2915 1354 3074 1397 cura

411 1437 480 1500 in
525 1433 957 1518 perquirendo
1013 1433 1156 1497 loco
1202 1431 1466 1516 proprio
1514 1430 1682 1495 alius
1728 1452 1859 1495 non
1893 1434 2213 1508 occurrat,
2264 1434 2618 1497 annotetur
2654 1431 2722 1495 in
2751 1430 3071 1512 margine,

416 1533 804 1599 Gratianum
851 1551 1135 1607 sensum,
1184 1550 1314 1594 non
1362 1530 1568 1593 verba
1614 1528 2041 1612 expressisse.

590 1616 766 1695 XIII.
817 1628 1247 1693 Elaboratum
1280 1648 1537 1710 semper
1569 1626 1715 1703 fuit,
1766 1630 1841 1692 ut
1882 1627 2046 1704 loca,
2098 1647 2266 1708 quae
2312 1627 2395 1691 ab
2442 1626 2820 1693 auctoribus
2866 1626 3074 1691 sacris

415 1730 861 1812 producuntur
906 1747 990 1791 ex
1036 1724 1283 1802 Bibliis‚
1332 1714 1819 1801 reducerentur,
1871 1728 2187 1806 quantum
2232 1722 2375 1789 fieri
2419 1727 2660 1808 potest,
2709 1724 2793 1790 ad
2840 1724 3075 1791 editio-

416 1848 565 1892 nem
622 1826 1033 1908 „vulgatam“
1091 1826 1159 1887 et
1207 1824 1288 1887 ab
1335 1823 1632 1887 Ecclesia
1691 1826 2046 1905 receptam.
2139 1821 2371 1888 Visum
2419 1821 2548 1887 fuit
2593 1826 2818 1888 tamen
2866 1822 3075 1887 omni-

417 1926 535 1989 bus
570 1945 653 1989 ex
686 1922 1016 1988 sententia
1046 1920 1477 1986 Illustrissimi
1511 1920 1773 1997 Alciati,
1823 1924 1898 1985 ut
1934 1920 2000 1985 id
2046 1921 2239 1987 aliter
2278 1921 2399 1986 fiat
2427 1920 2495 1985 in
2525 1920 2628 1985 his
2675 1919 3073 1997 auctoribus,

421 2043 583 2104 quos
633 2025 812 2086 certo
862 2022 1123 2085 constat
1170 2023 1430 2084 secutos
1476 2019 1680 2083 fuisse
1726 2018 1925 2084 aliam
1986 2018 2358 2095 editionem,
2423 2022 2491 2084 et
2537 2039 2668 2083 non
2709 2018 3077 2100 vulgatam,

418 2124 493 2186 ut
539 2120 606 2184 in
651 2118 1000 2184 Ambrosio
1050 2121 1119 2182 et
1164 2117 1310 2182 aliis
1359 2116 1644 2198 antiquis
1693 2117 2019 2182 Patribus,

596 2217 769 2282 XIV.
832 2217 932 2282 De
979 2214 1291 2280 Anselmo
1348 2236 1507 2279 vero
1555 2215 1900 2292 Luccensi,
1965 2215 2377 2280 decretorum
2424 2214 2742 2297 scriptore
2788 2218 3078 2291 vetust0,

417 2317 600 2400 cujus
661 2316 1000 2397 exemplar
1056 2316 1244 2378 extat
1305 2312 1801 2394 diligentissime
1867 2312 2442 2396 manuscriptum
2503 2313 2675 2396 apud
2721 2312 3081 2377 Doctorem

417 2415 891 2497 Hieronymum
938 2411 1307 2476 Parisetum
1355 2411 1602 2492 absque
1647 2411 1908 2475 nomine
1939 2410 2254 2487 Anselmi,
2304 2411 2420 2475 sed
2466 2410 2586 2474 sub
2632 2410 2757 2474 hac
2801 2408 3079 2495 inscrip-

416 2513 629 2578 tione:
692 2512 1075 2576 Authentica
1121 2531 1434 2574 canonum
1448 2561 1466 2592 ‚
1531 2507 1839 2590 quoniam
1885 2508 2057 2593 apud
2105 2529 2331 2573 omnes
2378 2511 2639 2573 constat
2658 2558 2672 2585 ,
2738 2512 3081 2573 auctorem

418 2609 619 2674 fuisse
667 2608 1050 2673 Anselmum
1081 2606 1497 2683 Luccensem,
1546 2605 1763 2670 visum
1809 2605 1936 2671 fuit
1981 2606 2049 2671 in
2094 2605 2359 2690 privata
2405 2605 2936 2688 congregatione,
2988 2605 3080 2671 ci-

418 2708 704 2774 tationes
752 2728 837 2771 ex
869 2705 1180 2770 Anselmo
1228 2708 1497 2787 propter
1545 2704 2009 2770 auctoritatem
2054 2703 2227 2769 illius
2274 2704 2669 2787 exemplaris
2714 2704 2840 2769 hoc
2884 2704 3081 2770 modo

420 2828 563 2871 esse
612 2803 1102 2871 describendas:
1162 2802 1546 2879 „Anselmus
1592 2802 1658 2865 in
1707 2801 2101 2867 authenticis
2150 2804 2526 2868 canonum.“

470 3014 509 3098 ἓ
557 3011 662 3080 42.
756 3013 980 3079 Modus
1026 3011 1428 3099 procedendi
1476 3031 1515 3078 a
1564 3010 2057 3079 Correctoribus
2105 3010 2414 3077 Romanis
2460 3012 2531 3078 in
2578 3009 3039 3078 emendatione

1391 3120 1658 3187 Decreti
1706 3119 2117 3186 observatus.

598 3283 823 3348 Finem
872 3280 994 3345 sibi
1027 3282 1391 3364 praefixum
1424 3285 1491 3346 et
1524 3302 1787 3345 normas
1821 3281 1943 3345 sibi
1990 3283 2279 3346 statutas
2311 3301 2469 3363 prae
2503 3279 2705 3343 oculis
2735 3280 3081 3355 habentes,

419 3382 832 3448 Correctores
865 3379 1147 3444 Romani
1177 3378 1243 3442 in
1275 3378 1397 3443 hoc
1429 3378 1694 3460 negotio
1728 3384 1883 3444 ante
1916 3377 2133 3443 omnia
2163 3378 2229 3442 id
2263 3377 2722 3454 observabant,
2769 3381 2861 3453 ut,
2913 3396 3087 3458 quae

419 3481 484 3544 in
516 3482 797 3545 Decreto
839 3480 977 3562 jam
1010 3500 1050 3543 a
1082 3477 1558 3559 glossatoribus
1599 3480 1895 3542 correcta
1928 3496 2072 3541 esse
2104 3476 2435 3551 videbant,
2484 3475 2736 3540 intacta
2767 3474 3084 3551 sinerent,

420 3583 487 3643 et
532 3577 998 3643 tandummodo
1047 3575 1303 3656 reliqua
1349 3574 1698 3639 emendare
1746 3576 2149 3656 satagerent.
2218 3573 2413 3656 Cujus
2444 3572 2540 3638 rei
2586 3572 2806 3653 gratia
2852 3593 3083 3637 exem-

420 3675 565 3757 plar
595 3674 859 3740 Decreti
905 3674 1316 3756 impressum,
1367 3672 1538 3753 quod
1584 3677 1741 3737 tunc
1787 3672 1854 3736 in
1887 3671 2211 3737 communi
2258 3692 2379 3735 usu
2427 3677 2590 3747 erat,
2641 3691 2788 3734 cum
2836 3669 3086 3735 duode-

423 3773 545 3837 cim
595 3771 880 3852 antiquis
930 3771 1255 3836 codicibus
1302 3769 1566 3835 Decreti
1613 3791 1767 3835 mss
1790 3820 1804 3847 ,
1864 3790 1900 3834 e
1947 3769 2339 3835 bibliotheca
2386 3768 2711 3834 Vaticana
2757 3767 2883 3832 sibi
2929 3768 3086 3833 sub-

421 3869 844 3944 ministratis,
908 3874 976 3935 et
1036 3868 1361 3933 nonnullis
1424 3867 1568 3933 aliis
1631 3867 1891 3932 aliunde
1939 3866 2227 3934 obtentis
2246 3917 2259 3944 ,
2323 3887 2517 3950 porro
2566 3887 2713 3931 cum
2760 3887 3088 3931 canonum

423 3967 930 4043 collectionibuS,
982 3966 1212 4047 quibus
1247 3966 1600 4032 Gratianus
1640 3965 1708 4030 in
1738 3967 2020 4031 Decreto
2068 3965 2444 4030 adornando
2478 3986 2633 4029 usus
2664 3962 2868 4028 fuisse
2899 3964 3089 4029 vide-

424 4067 647 4142 batur,
699 4069 897 4146 atque
946 4085 1091 4128 cum
1139 4064 1605 4130 auctoritatum
1666 4063 1734 4127 in
1780 4064 2063 4129 Decreto
2125 4063 2556 4128 adductarum
2601 4060 2892 4127 fontibus
2910 4111 2925 4138 ,
2990 4061 3091 4127 uti

425 4164 728 4248 operibus
779 4162 888 4227 SS.
938 4162 1210 4227 Patrum
1258 4166 1325 4226 et
1372 4161 1645 4226 aliorum
1698 4161 2098 4243 Scriptorum
2146 4159 2766 4237 ecclesiasticorum,
2818 4159 3091 4223 canoni-

425 4264 544 4327 bus
593 4259 1027 4325 Conciliorum
1074 4280 1127 4322 e.
1180 4280 1228 4324 s.
1280 4281 1376 4341 p.‚
1439 4264 1581 4324 tum
1629 4279 1665 4322 e
1713 4258 2069 4335 Vaticana,
2130 4263 2271 4324 tum
2320 4279 2405 4322 ex
2452 4256 2596 4322 aliis
2642 4256 2941 4340 plurimis
2991 4256 3092 4322 bi—

424 4358 763 4425 bliothecis
811 4356 935 4422 sibi
968 4356 1402 4439 suppeditatis
1427 4357 1469 4433 ¹,
1519 4355 1936 4422 contulerunt
1982 4360 2050 4421 et
2095 4359 2377 4421 lectiones
2419 4357 2639 4420 varias
2673 4354 3087 4437 (variantes),

608 4530 623 4560 ¹
662 4523 950 4588 Nonnulla,
991 4541 1096 4577 non
1134 4522 1328 4586 omnia,
1368 4522 1675 4592 hujusmodi
1716 4541 1877 4592 opera
1914 4522 2209 4586 litteraria,
2248 4522 2464 4575 aliunde
2502 4521 2605 4575 sibi
2643 4521 2871 4575 Romam
2909 4525 3093 4575 trans-

430 4602 611 4667 missa,
649 4607 951 4658 memorant
988 4603 1093 4673 ipsi
1133 4603 1473 4657 correctores
1511 4603 1567 4656 in
1604 4603 1780 4656 indice
1818 4603 1885 4656 ab
1923 4602 2057 4672 ipsis
2095 4603 2353 4666 confect0,
2391 4602 2492 4655 sub
2528 4601 2715 4656 titulo:
2774 4601 2982 4667 „Index
3006 4602 3095 4655 Li-

430 4682 673 4748 brorum,
727 4684 820 4752 qui
857 4684 1028 4737 variis
1067 4702 1136 4737 ex
1173 4684 1306 4737 locis
1345 4686 1473 4736 sunt
1509 4683 1747 4746 habiti“;
1797 4682 1889 4750 qui
1925 4682 2089 4735 index
2125 4697 2268 4735 nunc
2307 4682 2661 4736 communiter
2697 4699 2731 4735 a
2765 4682 2949 4735 fronte
2988 4682 3096 4736 De-

430 4763 562 4816 creti
603 4764 852 4818 collocari
890 4764 1044 4818 solet.
1122 4763 1230 4817 cfr.
1270 4765 1505 4832 Richter,
1544 4763 1624 4816 De
1663 4762 2099 4816 emendatoribus
2138 4761 2401 4826 Gratiani,
2440 4780 2491 4832 p.
2528 4762 2616 4815 42.
2654 4779 2735 4829 sq.
