3355 5328
1382 307 1558 378 Caput
1593 308 1661 361 II.
1715 307 1749 374 ξ
1786 308 1835 361 8.
1876 309 1924 361 9.
2901 309 2963 362 11

315 469 554 534 seritur
583 468 625 534 ¹.
719 469 887 534 Item
944 468 1185 533 falsum
1243 471 1348 533 est
1376 516 1391 546 ‚
1453 468 1620 549 quod
1689 467 1983 533 nonnulli
2043 472 2464 534 asseruerunt
2482 519 2496 547 ,
2560 489 2706 533 eum
2765 467 2968 533 fuisse

315 567 692 651 episcopum
717 567 762 632 ².

491 665 722 729 Annus
736 713 750 742 ,
814 685 941 746 quo
989 663 1342 729 Gratianus
1390 662 1579 741 obiit,
1626 663 1891 745 ignotus
1938 668 2058 728 est.
2153 664 2228 727 Id
2273 667 2498 729 tamen
2545 667 2798 728 certum
2845 667 2967 741 est,

316 783 467 827 eum
510 763 782 828 vivente
829 762 1039 842 adhuc
1070 762 1253 844 Papa
1282 763 1657 827 Alexand-ro
1690 762 1817 827 ΙΙΙ.
1854 759 2373 842 (1159-1181),
2424 765 2492 826 et
2524 761 2785 843 quidem
2815 765 2972 827 ante

315 860 671 925 Concilium
717 861 1024 942 generale
1069 861 1507 925 Lateranense
1551 861 1703 936 ΙΙΙ.,
1753 859 1856 924 die
1905 861 2165 925 5.-19.
2214 861 2408 925 Mart.
2464 861 2632 924 1179
2682 860 2972 924 celebra-

313 962 456 1024 tum
480 955 527 1036 ³,
591 958 846 1024 obiisse.
939 957 1227 1023 Etenim·
1249 957 1317 1021 in
1363 957 1615 1022 duabus
1661 960 1942 1023 Summis
1988 959 2261 1040 Decreti,
2311 960 2465 1022 ante
2513 957 2760 1023 dictum
2806 957 2972 1022 Con-

316 1056 534 1121 cilium
595 1057 1045 1122 Lateranense
1111 1055 1404 1120 exaratis
1427 1105 1441 1133 ,
1505 1055 1717 1121 altera
1775 1055 2044 1120 Parisiis
2068 1107 2081 1134 ,
2146 1059 2223 1120 ut
2280 1055 2544 1120 videtur
2566 1104 2580 1132 ,
2652 1055 2974 1120 adornata

317 1154 615 1233 (Summa
674 1153 1064 1233 Par-isiensi)
1085 1152 1131 1232 ⁴,
1199 1154 1413 1219 altera
1468 1154 1607 1236 jam
1669 1153 2016 1218 memorati
2076 1155 2354 1219 Simonis
2424 1155 2503 1218 de
2560 1154 2902 1218 Risiniano
2923 1153 2970 1235 ⁵,

319 1251 675 1316 Gratianus
714 1253 854 1334 jam
898 1255 1196 1317 mortuus
1244 1251 1500 1317 sistitur
1516 1248 1560 1317 Β.

493 1348 728 1430 Neque
776 1349 856 1414 de
901 1352 1048 1432 loc-0,
1100 1370 1226 1431 quo
1261 1348 1614 1414 Gratianus
1662 1349 1842 1426 obiit,
1892 1353 2071 1414 certo
2120 1352 2399 1414 constat.
2462 1348 2797 1413 Bononiae
2829 1347 2971 1429 qui-

315 1447 462 1512 dem
522 1446 590 1510 in
646 1447 921 1512 ecclesia
969 1447 1031 1512 S.
1080 1445 1371 1511 Petronii
1419 1445 1573 1511 olim
1632 1446 1892 1512 exstitit
1951 1450 2444 1512 monumentum
2457 1497 2471 1524 ‚
2533 1447 2602 1510 in
2659 1447 2971 1511 honorem

317 1544 620 1610 Gratiani
664 1549 986 1623 erectum,
1059 1545 1231 1626 quod
1277 1565 1336 1610 a.
1392 1547 1559 1609 1499
1623 1565 1777 1609 aere
1835 1545 2093 1628 publico
2140 1548 2586 1610 restauratum
2630 1543 2834 1609 fuisse
2878 1544 2973 1607 le-

315 1642 515 1724 gitur.
600 1643 918 1708 Attamen
962 1642 1166 1707 fuisse
1210 1642 1334 1707 hoc
1379 1646 1874 1708 monumentum
1922 1642 2221 1708 Gratiani
2267 1643 2693 1726 sepulchrale‚
2740 1661 2873 1706 nec,
2905 1641 2974 1704 in

316 1741 456 1823 ejus
500 1740 948 1825 inscriptione,
995 1761 1116 1805 nec
1164 1740 1319 1805 alibi
1365 1739 1653 1806 refertur
1680 1739 1724 1806 ⁷.

497 1837 776 1903 Omnino
837 1840 1059 1902 autem
1121 1837 1474 1902 Gratianus
1493 1887 1507 1914 ,
1571 1841 1801 1903 auctor
1853 1837 2119 1902 Decreti
2138 1888 2151 1915 ,
2216 1837 2711 1919 distinguendus
2772 1839 2874 1901 est
2934 1857 2975 1900 a

319 1936 567 2000 Cardin
577 1938 666 2000 ali
714 1934 1027 2000 Gratiano
1049 1934 1095 2012 ⁸,
1146 1935 1254 2016 qui
1303 1934 1562 2016 quidem
1609 1935 1811 2000 etiam
1856 1938 2151 2019 tempore
2182 1935 2404 2018 Papae
2447 1936 2813 2000 Alexandri
2844 1936 2972 1999 III.

316 2032 573 2110 floruit,
623 2036 921 2098 attamen
967 2032 1027 2097 ei
1074 2033 1458 2116 supervixit,
1509 2036 1577 2098 et
1624 2037 1804 2098 certe
1850 2055 1980 2098 non
2029 2037 2184 2099 ante
2231 2033 2401 2098 diem
2450 2035 2554 2099 28.
2594 2032 2754 2115 Maji
2804 2034 2970 2097 1197

316 2134 616 2196 mortuus
670 2134 772 2195 est
795 2181 809 2208 ,
873 2130 1109 2213 quippe
1157 2130 1267 2212 qui
1328 2152 1408 2195 ea
1463 2130 1566 2195 die
1629 2132 1840 2195 adhuc
1892 2132 2137 2196 bullam
2192 2132 2412 2214 Papae
2470 2133 2799 2196 Coelestini
2842 2131 2971 2195 ΙΠ.

317 2227 818 2311 (1191-1198)
859 2232 1175 2310 tanquam
1207 2228 1566 2293 Cardinalis
1600 2228 1909 2293 diaconus
1955 2229 2057 2294 tit.
2110 2229 2217 2295 SS.
2254 2229 2526 2294 Cosmae
2572 2232 2641 2294 et
2671 2227 2973 2295 Damiani

322 2326 785 2411 subscripserit
805 2327 849 2392 ⁹.

321 2518 361 2604 ξ
411 2517 471 2586 9.
564 2519 773 2607 Hujus
823 2520 1038 2606 operis
1097 2537 1136 2585 a
1184 2517 1498 2586 Gratiano
1557 2517 1926 2586 adornandi
1982 2537 2145 2586 ansa
2192 2519 2259 2585 et
2305 2516 2531 2585 modus
2578 2519 2972 2605 generatim.

499 2680 685 2747 Vidit
734 2681 1087 2747 Gratianus
1105 2732 1120 2759 ,
1177 2682 1344 2764 juris
1391 2681 1685 2747 canonici
1732 2682 2148 2748 collectiones
2167 2732 2181 2760 ,
2245 2703 2412 2764 quae
2458 2686 2615 2747 tunc
2659 2681 2975 2764 temporis

322 2780 681 2845 exstabant
704 2779 774 2857 ¹⁰,
837 2779 1214 2860 indigentiis
1277 2779 1425 2844 aevi
1483 2780 1657 2845 illius
1681 2830 1695 2858 ,
1763 2784 1832 2845 et
1889 2779 2282 2864 praesertim
2340 2780 2468 2844 fori
2528 2779 2974 2856 ecclesiastici,

318 2876 497 2942 haud
541 2877 732 2960 plene
779 2877 1191 2954 satisfacere3
1243 2881 1310 2943 et
1353 2877 1612 2959 quidem
1643 2878 1887 2961 partim
1931 2878 2098 2956 ideo,
2148 2877 2300 2960 quia
2331 2881 2522 2943 erant
2553 2880 2975 2962 incompletae,

319 2975 562 3058 quippe
610 2996 776 3057 quae
821 2975 1136 3060 plurimas
1180 2976 1363 3056 leges
1406 2976 1901 3054 ecclesiasticaS,
1949 2975 2340 3060 praesertim
2376 2975 2797 3053 recentiores,
2846 2996 2977 3040 non

320 3072 767 3151 continerent;
812 3074 1056 3157 partim
1101 3073 1267 3151 ide0,
1318 3073 1470 3155 quia
1503 3082 1657 3159 apta·
1705 3076 2111 3159 dispositione
2141 3074 2474 3152 carebant,
2523 3073 2761 3156 quippe
2809 3093 2976 3155 quae

320 3170 681 3254 dispositae
746 3174 968 3236 essent
1030 3171 1319 3235 maxime
1383 3172 1609 3236 ordine
1669 3172 2126 3253 chronologico
2146 3222 2160 3250 ,
2232 3172 2339 3236 vel
2400 3175 2579 3237 certe
2636 3193 2767 3236 non
2814 3170 2978 3236 satis

320 3289 612 3350 congruo
660 3268 883 3333 ordine
929 3269 1128 3346 reali3
1176 3270 1567 3353 praesertim
1599 3273 1822 3334 autem
1852 3269 2017 3348 ideo,
2068 3269 2220 3351 quia
2256 3269 2632 3335 referebant
2662 3268 2977 3353 plurimas

504 3428 524 3460 ¹
564 3426 718 3478 Sarti
752 3426 789 3478 l.
828 3443 873 3479 c.
913 3427 1034 3479 259.
1074 3426 1107 3493 ξ
1145 3427 1193 3480 2.
1233 3429 1290 3480 et
1326 3445 1379 3496 p.
1417 3427 1537 3480 260.
1577 3426 1610 3492 ξ
1644 3426 1694 3479 3.

503 3505 525 3539 ²
564 3506 793 3575 Schulte,
826 3505 929 3559 Die
968 3506 1295 3561 Geschichte
1333 3507 1428 3560 der
1467 3506 1695 3571 Quellen
1731 3507 1766 3560 1.
1806 3524 1852 3560 c.
1891 3525 1943 3576 p.
1981 3507 2067 3559 47.

505 3587 526 3622 3
564 3586 728 3654 Jaffe‘‚
765 3586 1008 3653 Regesta
1044 3587 1263 3641 Pontiff.
1301 3587 1510 3640 Romm.
1564 3587 1741 3640 Berol.
1784 3586 1938 3650 1851,
1975 3604 2027 3656 p.
2068 3586 2171 3640 783
2209 3603 2292 3654 sq.

502 3666 527 3701 4
565 3667 777 3719 Schulte
789 3707 805 3734 ,
856 3666 962 3728 Zur
999 3666 1327 3721 Geschichte
1379 3668 1474 3720 der
1510 3666 1787 3719 Literatur
1835 3666 1970 3718 iiber
2021 3667 2117 3719 das
2169 3666 2370 3719 Decret
2408 3664 2679 3719 Gratiana
2753 3664 2980 3718 Zweiter

321 3744 566 3812 Boin-ag,
605 3744 663 3798 in
699 3745 815 3800 citt.
855 3747 1037 3800 relatt.
1077 3764 1211 3800 sess
1249 3750 1379 3800 tom.
1419 3746 1608 3800 LXIV.
1648 3764 1700 3816 p.
1743 3747 1860 3800 130.

507 3828 527 3861 ⁵
568 3827 798 3895 Schulte,
835 3826 937 3880 Die
976 3827 1303 3881 Geschichte
1342 3828 1437 3880 der
1475 3826 1719 3892 Quellen,
1756 3829 1885 3880 tom.
1924 3827 1965 3880 I.
2005 3845 2055 3895 p.
2100 3826 2218 3879 142.

503 3907 527 3942 ⁶
563 3906 627 3958 In
662 3908 910 3976 praefata
949 3909 1171 3960 Summa
1200 3909 1500 3960 Pari-aiensi
1540 3907 1709 3976 (apud
1736 3908 1949 3960 Schulte
1982 3906 2041 3959 in
2077 3906 2193 3960 citt.
2235 3906 2416 3959 relatt.
2456 3922 2591 3959 sess,
2631 3909 2760 3959 tom.
2788 3905 2977 3959 LXIV.

322 4005 375 4057 p.
418 3986 563 4053 121.)
606 3987 672 4039 de
709 3986 970 4040 Gratiano
1008 3986 1087 4040 ita
1122 3988 1382 4041 refertur:
1429 3987 1581 4056 „Ipse
1618 3987 1914 4040 monachus
1948 3989 2105 4053 fuit.“
2184 3986 2257 4040 Et
2292 3986 2350 4039 in
2387 3986 2607 4039 Summa
2646 3988 2882 4039 Simonis
2917 3989 2983 4038 de

322 4069 616 4120 Risiniano
671 4067 839 4137 (apud
885 4069 1167 4135 Mans-sen,
1220 4066 1592 4137 Paucapalea‚
1644 4066 1702 4119 in
1753 4066 1870 4121 citt.
1917 4067 2099 4121 relatt.
2153 4084 2287 4120 sessi.
2337 4070 2468 4121 tom.
2520 4066 2715 4119 XXXI.
2767 4084 2819 4136 p.
2857 4066 2979 4120 478.

322 4150 435 4200 not.
476 4147 588 4212 80.)
631 4146 929 4201 Gratianus
966 4147 1192 4202 dicitur:
1237 4147 1399 4213 „Piae
1436 4147 1727 4201 memoriae
1766 4146 2108 4201 Gratianus⁴⁴

508 4229 527 4262 '¹
567 4226 677 4280 cfr.
719 4229 874 4280 Sarti
910 4227 946 4280 l.
987 4245 1032 4281 c.
1071 4247 1122 4298 p.
1163 4228 1267 4281 265
1307 4245 1388 4296 sq.

507 4309 527 4343 ⁸
566 4306 806 4371 Quocum
845 4325 969 4361 eum
1006 4308 1287 4361 confundit
1323 4310 1608 4361 Albero‘cus
1651 4310 1843 4361 Trium
1878 4309 2166 4377 Pontium,
2204 4306 2423 4360 Ordinis
2461 4306 2838 4360 cisterciensis
2872 4324 2998 4360 mo*

322 4386 555 4441 nasterii
591 4386 780 4440 Trium
816 4387 1069 4440 Fontium
1119 4387 1177 4441 in
1215 4387 1397 4441 Gallia
1434 4387 1604 4441 abbas
1620 4429 1632 4451 ,
1688 4387 1780 4455 qui
1818 4386 1962 4441 circa
1998 4388 2138 4441 med.
2178 4404 2319 4440 saec.
2358 4386 2504 4440 XIII.
2542 4386 2726 4440 floruit
2742 4429 2754 4450 ,
2791 4386 2849 4440 in
2884 4404 2982 4440 suo

325 4466 592 4521 Chronico
631 4468 699 4520 ad
737 4485 785 4521 a.
815 4468 972 4542 1158,
1010 4469 1153 4538 apud
1178 4470 1443 4536 Leibnitz,
1481 4467 1790 4536 Scriptores
1826 4485 2007 4520 rerum
2043 4467 2475 4534 germanicarum
2511 4484 2609 4520 seu
2646 4466 2986 4521 accessiones

320 4546 636 4611 historicae,
674 4548 756 4600 ed.
795 4547 941 4617 Lips.
984 4548 1137 4612 1698,
1176 4551 1304 4602 tom.
1343 4549 1411 4601 II.
1450 4566 1500 4618 p.
1542 4548 1663 4602 328.

506 4627 528 4663 ⁹
566 4628 718 4694 Jaffe‘
749 4627 786 4680 l.
825 4646 870 4681 c.
909 4646 960 4697 p.
1000 4628 1121 4682 886.

484 4709 529 4744 ¹⁰
566 4707 899 4761 Referuntur
945 4706 1072 4761 illae
1110 4708 1166 4760 in
1203 4709 1697 4776 Walter-Gerlach,
1749 4706 2034 4760 Lehrbuch
2086 4706 2181 4760 des
2218 4706 2643 4761 Kirchenrechts
2659 4748 2673 4772 ,
2726 4708 2809 4761 ed.
2852 4708 2982 4761 XIV

320 4789 550 4841 Bonnae
591 4786 747 4851 1871,
785 4787 816 4854 ἓ
858 4788 977 4842 100.
