3355 5328
378 328 449 381 54
1292 330 1429 384 Pars
1465 329 1506 383 Ι.
1558 328 1850 384 Decretum
1888 330 2153 385 Gratiani.

1061 507 1098 593 ξ
1147 505 1250 575 34.
1344 507 1574 575 Glossa
1620 508 1888 576 Decreti
1937 509 2277 578 ordinaria
2307 514 2348 575 ¹.

559 668 844 733 Joannes
900 669 1297 752 Teutonicus,
1340 671 1479 753 jam
1527 669 1615 754 (p.
1667 669 1803 752 24.)
1851 675 2271 748 memoratuS,
2320 692 2404 735 ex
2452 673 2792 735 auctorum
2839 691 3043 754 supra

382 765 861 831 nominatorum
909 766 1145 847 glossis
1193 766 1586 850 (glossulis),
1644 789 1808 850 quas
1856 789 2078 834 eorum
2124 768 2491 834 nominibus
2537 768 2644 832 vel
2690 767 2874 849 siglis
2920 789 3041 833 no-

382 863 587 940 tavit,
649 885 846 947 porro
894 886 930 930 e
975 866 1303 930 nonnullis
1351 868 1630 931 Summis
1675 866 1941 932 Decreti
1959 917 1973 944 ,
2026 871 2094 932 et
2139 866 2527 932 nominatim
2574 867 3043 950 Paueapaleae,

385 962 691 1046 Stephani
733 963 1150 1028 Tornaeensis
1196 967 1265 1029 et
1304 965 1754 1048 Huquccionis,
1802 969 2148 1048 praeterea
2194 986 2232 1030 e
2278 963 2768 1030 collectionibus
2816 964 3043 1029 decre-

383 1059 648 1138 talium,
716 1081 883 1142 quae
932 1081 1008 1126 eo
1055 1065 1351 1145 tempore
1399 1063 1755 1127 exstabant
1774 1112 1788 1140 ,
1852 1066 1920 1128 et
1965 1062 2351 1128 nominatim
2400 1084 2436 1127 e
2482 1062 2576 1127 sic
2622 1061 2814 1127 dictis
2864 1063 3041 1127 Com-

373 1159 795 1243 pilationibus
841 1158 922 1236 Ι.,
972 1159 1052 1224 ΙΙ.
1104 1162 1172 1224 et
1218 1160 1331 1225 III.
1353 1159 1398 1238 ²,
1445 1160 1603 1225 item
1652 1181 1691 1225 e
1737 1159 1974 1242 glossis
2014 1160 2181 1243 juris
2228 1160 2438 1225 civilis
2484 1160 2757 1233 romani,
2808 1164 2877 1225 et
2923 1182 3043 1224 no-

386 1255 684 1321 minatim
733 1255 992 1337 quidem
1040 1278 1075 1321 e
1121 1258 1361 1338 glossis
1406 1258 1703 1343 Bulqari,
1753 1259 2028 1324 Martini
2077 1259 2326 1342 Gosiae,
2383 1260 2662 1324 Joannis
2706 1259 3043 1339 Bassiani,

386 1354 567 1418 Pillii
613 1357 681 1418 et
727 1356 967 1419 Azonis
990 1353 1033 1436 ³,
1095 1354 1359 1439 insuper
1412 1355 1741 1420 nonnullis
1788 1376 1824 1420 e
1872 1376 1989 1420 suo
2037 1355 2311 1433 additis,
2376 1376 2543 1437 quae
2591 1356 3045 1421 additamenta

387 1473 503 1516 suo
550 1452 844 1516 nomine:
900 1453 1217 1536 Joannes,
1283 1453 1391 1518 vel
1437 1453 1639 1534 sigla:
1688 1454 1788 1518 Jo.
1848 1454 2043 1536 Teut.,
2091 1454 2199 1518 vel
2245 1455 2348 1520 Jo.
2398 1454 2709 1535 signavit,
2758 1454 3046 1537 comple-

388 1553 529 1615 tum
577 1553 967 1633 apparatum
1012 1551 1400 1632 glossarum,
1449 1572 1566 1616 seu
1611 1551 2004 1635 completam
2051 1551 2339 1634 glossam
2379 1552 2644 1618 Decreti
2675 1552 3044 1617 adornavit.

568 1648 658 1713 Et
701 1647 768 1712 id
815 1648 1074 1730 quidem
1120 1648 1278 1714 fecit
1323 1672 1452 1715 non
1499 1653 1652 1714 ante
1685 1670 1744 1715 a.
1785 1652 1954 1714 1210
2001 1650 2109 1715 vel
2146 1652 2353 1726 1211;
2404 1650 2558 1732 quia
2601 1650 2669 1715 111
2716 1670 2793 1715 66
2842 1670 3047 1733 appa-

390 1749 541 1811 ratu
602 1746 765 1811 citat
814 1748 1327 1831 Compilationem
1372 1747 1485 1812 III.
1503 1799 1521 1829 ,
1593 1768 1762 1829 quae
1825 1751 1981 1813 ante
2040 1748 2200 1813 illud
2258 1752 2517 1832 tempus
2577 1751 2856 1814 exarata
2915 1769 3049 1813 non

391 1844 520 1910 fuit
546 1842 609 1921 ⁴3
667 1848 845 1910 certo
894 1848 1115 1910 autem
1161 1844 1228 1909 id
1274 1844 1432 1910 fecit
1480 1854 1625 1910 ante
1671 1845 2026 1910 Concilium
2073 1847 2380 1928 generale
2426 1848 2863 1912 Laterano-nse
2906 1844 3049 1922 IV„

391 1943 540 2008 inde
588 1944 669 2008 ab
723 1945 1023 2008 11.-3Ο.
1072 1942 1466 2008 Novembris
1519 1945 1687 2008 1215
1756 1944 2156 2009 celebratum
2179 1945 2237 2022 ⁵3
2301 1944 2473 2027 quod
2533 1944 2684 2010 inde
2743 1943 3049 2020 infertur,

396 2040 548 2123 quia
596 2061 916 2105 canonum
964 2040 1365 2105 celeberrimi
1411 2041 1602 2124 hujus
1650 2041 1914 2106 Concilii
1963 2042 2335 2107 nullatenus
2381 2042 2675 2108 meminit
2697 2042 2739 2107 ⁶.

574 2140 987 2223 Apparatum
1046 2140 1416 2221 glossarum
1461 2140 1726 2205 Decreti
1746 2190 1760 2218 ,
1823 2161 1864 2205 a
1923 2142 2177 2205 Joanne
2246 2142 2575 2206 Teutonico
2636 2142 3053 2216 adornatum,

396 2239 916 2303 Bartholomaeus
947 2239 1330 2322 BrixiensiS,
1379 2237 1539 2302 item
1586 2259 1785 2321 supra
1817 2237 1905 2321 (p.
1943 2238 2077 2320 50.)
2124 2238 2450 2317 laudatuS,
2500 2260 2672 2305 anno
2725 2241 2894 2303 1245
2942 2238 3056 2303 vel

402 2338 571 2400 1246
596 2337 619 2375 ⁷
682 2336 890 2401 denuo
938 2336 1266 2401 recensuit
1312 2339 1381 2401 et
1426 2335 1843 2413 reformavit,
1908 2340 1975 2401 et
2035 2336 2295 2418 quidem
2340 2337 2469 2418 ita,
2531 2341 2605 2402 ut
2665 2336 3055 2413 decretales,

398 2456 438 2499 a
496 2435 748 2500 Joanne
822 2435 1151 2499 Teutonico
1216 2434 1569 2499 secundum
1617 2433 2123 2518 Compilationes
2171 2434 2475 2517 antiquas
2522 2435 2571 2500 Ι.
2594 2484 2609 2513 ,
2675 2435 2755 2499 ΙΙ.
2821 2439 2890 2500 et
2934 2434 3053 2499 ΙΠ.

398 2533 721 2615 allegatas
792 2531 1034 2613 (Extra
1091 2532 1140 2597 Ι.
1168 2583 1181 2609 ,
1248 2532 1329 2596 ΙΙ.
1394 2531 1538 2614 ΙΙΙ.)
1563 2582 1576 2609 ,
1649 2531 1734 2597 ad
1798 2553 2096 2597 normam
2162 2532 2561 2598 collectionis
2626 2531 3058 2598 decretalium

398 2631 619 2714 Papae
681 2631 975 2716 Greqorii
1021 2630 1179 2714 IX.,
1244 2630 1347 2695 die
1413 2632 1471 2695 5.
1538 2629 1938 2714 Septembris
2005 2633 2174 2696 1234
2235 2631 2640 2716 publicatae,
2709 2631 3057 2715 allegaret,

400 2728 706 2793 videlicet
753 2727 1132 2812 simpliciter
1178 2749 1377 2794 voce:
1431 2737 1608 2792 extra
1628 2727 1684 2811 8,·
1727 2750 1922 2812 porro
1969 2729 2083 2806 ita,
2133 2733 2208 2795 ut
2253 2741 2399 2794 eum
2446 2729 2514 2794 in
2555 2729 2849 2814 pluribus
2895 2729 3063 2794 locis

403 2827 760 2910 compleret
806 2830 1003 2908 atque
1051 2826 1251 2891 etiam
1299 2826 1676 2908 corrigeret,
1727 2826 1882 2909 quin
1927 2831 2151 2892 tamen
2182 2827 2349 2892 ullas
2381 2848 2588 2892 novas
2620 2827 2876 2909 glossas
2914 2826 3063 2909 ipse

403 2928 764 3008 apponeret
789 2921 850 3000 ⁹3
914 2945 1077 3006 quas
1124 2924 1490 2990 additiones
1551 2945 1668 2989 suo
1716 2924 2007 3002 nomine,
2070 2925 2179 2990 vel
2225 2926 2451 3008 plene,
2516 2925 2624 2990 vel
2671 2924 3061 2990 abbreviato

404 3022 683 3103 (Barth.,
732 3023 860 3104 Β.),
910 3022 1202 3104 signavit
1231 3020 1299 3088 ¹⁰.

584 3120 703 3196 Qui
737 3124 1093 3203 apparatus
1124 3121 1492 3203 glossarum
1524 3120 1809 3198 Decreti,
1860 3142 1899 3186 a
1931 3122 2411 3186 Bartholomaeo
2443 3122 2776 3186 Brixiensi
2820 3120 2917 3187 ita
2953 3142 3063 3186 re—

405 3219 759 3297 formatus,
824 3219 1183 3301 completus
1231 3222 1300 3284 et
1346 3222 1677 3284 correctus
1701 3269 1714 3295 ,
1775 3218 1843 3283 in
1904 3240 2311 3284 communem
2360 3240 2548 3284 usum
2606 3217 2908 3284 inductus
2958 3222 3068 3284 est

407 3321 475 3383 et
515 3320 759 3402 qlossae
804 3317 1056 3381 Decreti
1102 3318 1481 3381 ordinariae
1525 3337 1763 3381 nomen
1810 3316 2092 3382 obtinuit
2121 3314 2189 3383 ¹¹.

588 3460 604 3493 ¹
646 3424 874 3525 Schulte,
899 3455 999 3509 Die
1027 3455 1219 3510 Glosse
1243 3473 1366 3508 zum
1392 3455 1591 3508 Decret
1616 3455 1889 3520 Gratians,
1915 3455 1971 3508 in
1997 3455 2113 3509 citt.
2141 3454 2351 3524 scriptt.
2377 3454 2731 3509 memorabili.
2758 3459 2886 3509 tom.
2914 3455 3066 3507 XXI.

407 3541 546 3608 part.
585 3538 634 3591 2.
674 3556 725 3606 p.
766 3538 849 3592 70.
889 3554 1008 3605 sqq.

588 3620 609 3653 ²
649 3618 759 3672 cfr.
798 3617 941 3670 infra
978 3619 1117 3686 part.
1157 3616 1223 3669 ΙΙ.
1277 3619 1408 3669 sect.
1452 3616 1497 3668 1.
1548 3614 1615 3682 ἐξ
1654 3616 1739 3669 59.
1780 3605 1879 3669 65.μ
1905 3615 1989 3668 66.
2053 3614 2169 3668 Has
2205 3614 2323 3684 ipse
2361 3614 2496 3669 citat
2532 3614 2772 3669 voculis:
2829 3623 2986 3668 extra
3022 3616 3069 3669 Ι.

409 3717 497 3753 res
538 3741 550 3753 .
590 3699 656 3752 ΙΙ.
696 3702 752 3752 et
787 3697 881 3750 III.

499 3718 533 3768 p
591 3780 609 3813 ⁸
649 3778 757 3832 Cfr.
796 3777 938 3831 infra
976 3776 1201 3847 append.
1243 3794 1359 3846 cap.
1388 3776 1436 3829 3.
1477 3779 1577 3828 art.
1618 3776 1667 3827 2.
1815 3777 1837 3809 ⁴
1877 3774 1985 3828 Cfr.
2024 3775 2167 3828 infra
2204 3777 2341 3844 part.
2384 3774 2450 3842 ΙΙ.
2490 3778 2624 3829 sect.
2667 3775 2713 3827 1.
2754 3775 2786 3841 ἕ
2813 3776 2897 3828 65.

592 3862 612 3894 ⁵
651 3860 903 3926 Potthast,
940 3857 1181 3923 Regesta
1218 3855 1434 3910 Pontiff.
1475 3856 1702 3919 Romm.‚
1740 3855 1915 3908 Berol.
1959 3854 2098 3908 1874
2135 3872 2235 3924 sq„
2273 3854 2381 3909 vol.
2421 3854 2461 3907 Ι.
2501 3872 2552 3925 p.
2591 3855 2712 3908 437.

591 3941 611 3974 ⁸
652 3940 878 4006 Selium,
915 3937 1017 3990 Die
1044 3936 1237 3991 Glosse
1261 3954 1382 3989 zum
1408 3936 1608 3989 Decret
1633 3935 1906 3999 Gratiam,
1932 3934 1990 3988 in
2015 3934 2131 3988 citt.
2159 3934 2369 4004 scriptt.
2398 3934 2748 3988 memorabili.
2790 3953 2841 4004 p.
2871 3935 2954 3988 76.
2983 3952 3069 4003 sq.

593 4021 612 4053 '¹
650 4018 766 4072 Hoc
801 4018 927 4071 inde
965 4016 1263 4084 colligitur,
1316 4016 1443 4086 quia
1480 4016 1538 4068 in
1576 4033 1672 4069 suo
1712 4015 2079 4068 additamento
2118 4015 2192 4083 gl.
2233 4015 2301 4068 ad
2340 4033 2385 4069 6.
2426 4015 2511 4069 27.
2553 4014 2610 4068 C.
2647 4014 2847 4067 XXIII.
2888 4033 2977 4083 qu.
3012 4016 3066 4067 4.

412 4121 464 4155 v.
505 4107 814 4168 conquestus
861 4100 1126 4151 memorat
1160 4115 1322 4151 voce:
1375 4099 1608 4165 novella,
1661 4113 1768 4163 qua
1804 4099 1936 4149 tunc
1972 4094 2334 4149 communitur
2371 4094 2672 4149 decretales
2710 4099 2767 4147 et
2804 4094 3069 4148 constitu·

412 4182 588 4236 tiones
614 4180 796 4248 Papae
823 4181 1119 4231 Innocentii
1146 4180 1242 4232 IV.
1282 4177 1555 4244 designari
1592 4176 1840 4230 solebant
1882 4175 2002 4242 (cfr.
2032 4176 2261 4244 Schulte,
2299 4174 2400 4228 Die
2436 4174 2759 4229 Decretalen
2798 4174 3074 4229 zwischen

414 4263 519 4316 den
576 4259 921 4327 „Decretales
972 4257 1221 4325 Gregorii
1259 4258 1382 4311 IX.⁴‘
1439 4258 1550 4311 und
1608 4256 1797 4322 „Liber
1834 4255 2035 4309 Sextus
2072 4255 2338 4309 Bonifacii
2374 4255 2554 4309 Vms‘
2608 4254 2666 4307 in
2717 4255 2833 4309 citt.
2884 4255 3072 4309 relatt.

415 4360 550 4396 6666.
588 4345 716 4395 tom.
737 4340 849 4393 LV.
890 4358 941 4409 p.
969 4339 1089 4393 762.
1130 4342 1186 4393 et
1224 4338 1390 4405 765.)‚
1429 4336 1874 4392 constitutionem
1912 4353 1945 4389 a
1982 4336 2133 4405 Papa
2172 4338 2481 4389 Innocentio
2519 4337 2616 4388 IV.
2660 4335 3068 4402 (1243—1254)

414 4423 473 4476 in
511 4421 748 4476 Concilio
786 4419 1029 4487 generali
1065 4418 1416 4486 Lugdunensi
1454 4418 1494 4470 I.
1534 4436 1581 4471 a.
1624 4417 1763 4470 1245
1801 4415 2004 4469 editam
2020 4457 2033 4480 ‚
2085 4433 2115 4469 e
2153 4414 2630 4469 constitutionibus
2666 4419 2851 4468 autem
2888 4418 2947 4469 et
2983 4416 3075 4468 de·

416 4502 710 4557 cretalibus
761 4501 829 4555 ab
882 4518 943 4554 eo
995 4503 1118 4569 post
1168 4499 1303 4553 illud
1352 4498 1648 4553 Concilium
1701 4496 1864 4550 editis
1915 4496 2119 4549 nullam
2172 4498 2570 4550 commemorat.
2652 4494 2918 4564 (Schulte,
2970 4494 3076 4548 Die

419 4583 613 4638 Glosse
649 4600 773 4636 zum
808 4581 1007 4636 Decret
1044 4571 1303 4635 Gratians
1340 4580 1374 4633 l.
1414 4597 1459 4633 6.
1500 4596 1550 4648 p.
1590 4579 1676 4632 86.
1716 4577 1824 4646 sq.)

598 4664 618 4699 ⁸
657 4662 767 4717 cfr.
806 4662 948 4715 infra
985 4664 1123 4730 part.
1163 4661 1230 4714 H.
1270 4663 1402 4713 sect.
1442 4660 1491 4712 2.
1532 4675 1648 4727 cap.
1693 4659 1741 4711 1.
1780 4656 1812 4724 ξ
1852 4657 1935 4710 72.

597 4744 619 4779 ⁹
658 4744 871 4795 Schulte
906 4741 941 4795 l.
982 4760 1026 4795 6.
1067 4759 1117 4810 p.
1157 4741 1241 4795 78.
1428 4741 1469 4776 ¹⁰
1507 4740 1721 4791 Schulte
1755 4737 1792 4790 1.
1829 4755 1877 4791 6.
1920 4738 2002 4790 77.
2043 4754 2163 4804 sqq.

579 4825 620 4858 ¹¹
660 4824 873 4876 Schulte
908 4823 943 4876 l.
983 4841 1026 4876 c.
1068 4841 1118 4892 p.
1159 4822 1273 4885 89.;
1326 4822 1422 4875 cfr.
1464 4822 1641 4888 Idem,
1689 4818 1790 4872 Die
1829 4817 2157 4872 Geschichte
2196 4818 2291 4871 der
2329 4817 2570 4882 Quellen,
2608 4820 2736 4870 tom.
2776 4817 2817 4869 Ι.
2858 4835 2908 4886 p.
2953 4816 3077 4870 173.
