3355 5328
1433 333 1615 389 Sectio
1651 335 1693 388 Ι.
1746 332 1779 400 ἓ
1817 332 1906 387 59.
2840 334 2947 390 105

468 493 825 560 Occasione
870 492 1276 578 publicarum
1320 493 1837 577 praelectionum
1856 542 1870 571 ,
1935 514 2101 576 quae
2153 514 2349 577 super
2392 492 2518 579 hac
2563 493 2947 559 collectione

283 590 352 654 in
398 590 854 658 Universitate
900 590 1296 657 Bononiensi
1340 591 1773 669 habebantur,
1822 612 2018 675 super
2061 591 2175 656 illa
2193 642 2207 670 ,
2256 591 2355 657 uti
2399 611 2598 674 super
2646 590 2945 656 Gratiani

283 689 571 755 Deci-eto
594 686 636 768 ¹,
683 690 874 774 plura
929 709 1129 773 opera
1171 688 1500 755 litteraria
1544 693 1823 755 exarata
1867 692 2052 766 sunt,
2109 689 2206 754 uti
2249 710 2313 754 v,
2361 709 2424 770 g.
2477 689 2711 771 Casus,
2761 690 2945 754 Sum-

283 809 428 851 mae
453 784 499 871 ²,
549 791 618 853 et
664 788 795 853 alia
840 784 1209 871 hujusmodi
1235 783 1278 852 ³.

467 895 727 960 Glossas
773 895 857 960 ad
909 894 1078 959 hanc
1125 892 1663 977 Compilationem
1723 892 2128 976 scripserunt
2176 894 2558 958 Bernardus
2604 893 2945 978 Papiensis

282 990 425 1073 ipse
451 988 498 1070 ⁴,
547 992 810 1074 quidam
856 991 1197 1057 canonista
1242 991 1502 1057 nomine
1548 993 1780 1057 Petrus
1790 1042 1809 1074 ,
1856 991 1924 1055 in
1971 991 2292 1073 reliquum
2340 994 2560 1056 autem
2605 989 2870 1072 ignotus
2896 988 2942 1068 ⁵,

282 1089 516 1153 Petrus
540 1090 898 1175 Hispanus,
925 1091 1064 1175 jam
1089 1089 1429 1154 occasione
1452 1088 1721 1155 Decreti
1748 1088 2046 1154 Gratiani
2076 1091 2478 1153 memoratus
2495 1084 2539 1165 ⁶,
2573 1089 2944 1153 Richardus

282 1188 593 1271 Anqlicus
608 1184 653 1272 ⁷,
689 1189 1008 1252 Gilbertus
1043 1190 1110 1252 et
1130 1189 1401 1271 AlanuS,
1436 1186 1702 1252 natione
1722 1186 1941 1268 Angli,
1979 1186 2088 1269 qui
2111 1187 2474 1251 floruerunt
2498 1206 2667 1251 saec.
2698 1185 2875 1250 XIII.
2896 1183 2943 1263 ⁸,

282 1284 574 1350 Joannes
620 1287 916 1351 Galensis
965 1285 1092 1367 (W
1083 1284 1346 1366 alensis)
1362 1337 1381 1369 ,
1445 1306 1481 1350 e
1527 1284 1823 1350 Walesio
1870 1283 1986 1366 (W
1988 1285 2153 1365 ales)
2199 1284 2268 1348 in
2315 1283 2555 1365 Anglia
2610 1283 2938 1361 oriunduS,

282 1380 398 1462 qui
439 1382 690 1466 pariter
736 1404 906 1449 saec.
955 1383 1130 1449 XIII.
1180 1382 1403 1448 floruit
1423 1383 1468 1467 ⁹,
1529 1383 1915 1447 Bernardus
1964 1383 2494 1467 Compostellanus
2508 1432 2527 1464 ,
2577 1381 2685 1463 qui
2730 1380 2941 1464 primo

282 1478 550 1545 dimidio
596 1501 766 1546 saec.
815 1481 990 1546 XIII.
1039 1481 1264 1546 floruit
1311 1484 1398 1559 et,
1450 1485 1525 1546 ut
1572 1480 1653 1544 ab
1703 1480 1832 1545 alio
1879 1481 2221 1545 Bernardo
2272 1480 2780 1564 Compostellam,
2834 1478 2944 1560 qui

282 1577 496 1642 altero
545 1578 806 1644 dimidio
853 1600 1022 1645 saec.
1072 1579 1246 1645 XIII.
1310 1578 1481 1644 vixit
1528 1582 1597 1644 et
1642 1581 1875 1663 junior
1931 1578 2141 1644 dictus
2203 1581 2337 1655 est,
2402 1576 2940 1658 distingueretur,

284 1675 412 1740 dici
445 1680 746 1762 antiquus
778 1677 1118 1742 consuevit
1147 1672 1231 1753 ¹⁰3
1280 1677 1723 1761 Lanfraneuse,
1757 1676 2023 1742 natione
2061 1676 2287 1754 Italae,
2337 1695 2373 1738 e
2412 1674 2683 1740 civitate
2717 1675 2943 1739 Crema

285 1772 519 1857 (prope
552 1774 974 1857 Bergomum)
1023 1774 1331 1839 oriundus
1364 1773 1435 1856 (†
1471 1774 1670 1856 1229)
1701 1771 1771 1851 ¹¹,
1819 1775 2233 1857 Laurentiue,
2282 1772 2549 1838 natione
2585 1772 2940 1855 HispanuS,

285 1872 760 1937 Bar-tholomaei
804 1874 1170 1938 Brioeiensis
1218 1875 1287 1939 et
1341 1873 1660 1938 Tancredi
1691 1872 2012 1954 magister
2040 1868 2112 1949 ¹²,
2161 1873 2525 1937 Vincentius
2538 1922 2557 1954 ,
2619 1869 2779 1935 item
2825 1890 2942 1934 na-

280 1968 464 2034 tione
511 1969 843 2054 Hispanus
862 2020 876 2047 ,
932 1970 1098 2053 juris
1159 1969 1452 2034 canonici
1512 1969 1580 2034 in
1625 1969 2022 2035 Bononiensi
2076 1968 2529 2035 Universitate
2588 1966 2940 2050 professor,

282 2066 397 2146 qui
444 2066 674 2131 eodem
719 2070 1015 2150 tempore
1061 2067 1284 2133 floruit
1314 2065 1384 2145 ¹²³,
1433 2071 1633 2150 atque
1691 2066 2058 2132 Taneredus
2073 2117 2092 2150 ,
2141 2064 2570 2131 Bononiensis
2621 2063 2942 2129 archidia-

283 2184 488 2228 conus
535 2162 606 2246 (†
651 2165 829 2230 intra
875 2165 1046 2229 diem
1094 2167 1152 2230 5.
1190 2164 1333 2230 Oct.
1374 2167 1544 2230 1234
1593 2168 1662 2230 et
1709 2184 1999 2228 mensem
2030 2164 2278 2246 Majum
2326 2162 2544 2244 1236),
2595 2162 2776 2244 cujus
2823 2182 2941 2244 ap-

279 2266 557 2344 paratus
617 2263 984 2344 glossarum
1042 2262 1234 2346 hujus
1281 2261 1773 2345 Compilationis
1833 2282 2037 2343 usque
2087 2261 2171 2326 ad
2219 2259 2667 2326 collectionem
2714 2259 2941 2323 decre-

277 2359 514 2425 talium
562 2360 782 2444 Papae
831 2362 1125 2445 Greyorii
1171 2360 1291 2426 IX.
1336 2363 1545 2445 ylossa
1592 2361 1937 2425 ordinaria
1985 2358 2245 2424 exstitit
2275 2356 2340 2424 ¹⁴.

462 2563 482 2597 ¹
523 2561 633 2618 Gfr.
670 2580 834 2632 supra
871 2581 920 2633 p.
959 2563 1046 2617 49.
1083 2579 1203 2630 sqq.

464 2643 484 2676 ²
524 2641 799 2697 Summam
837 2642 998 2713 hujus
1037 2641 1432 2712 compilationis
1469 2642 1735 2707 exaravit,
1773 2641 1854 2698 uti
1905 2642 2020 2713 jam
2057 2659 2223 2713 supra
2264 2642 2338 2713 (p.
2378 2641 2465 2699 20.
2503 2646 2613 2697 not.
2642 2642 2715 2712 3.)
2755 2641 2940 2698 memi-

275 2724 479 2787 nimuS,
516 2726 838 2778 Bernartius
873 2724 990 2794 ipse
1009 2766 1022 2787 ,
1074 2737 1240 2792 quum
1276 2722 1612 2777 Faventinus
1663 2722 1948 2794 episcopus
1999 2727 2173 2788 esset;
2226 2741 2388 2792 quam
2439 2723 2610 2778 edidit
2644 2726 2943 2792 Laspeyree

275 2822 328 2858 a.
374 2805 513 2858 1860
550 2804 881 2859 Ratisbonae
919 2805 1019 2858 sub
1056 2803 1246 2857 titulo:
1307 2803 1600 2869 „Bernardi
1636 2803 1922 2873 Papiensis
1960 2803 2181 2858 Summa
2216 2803 2630 2858 Decretalium.¹‘

464 2885 486 2919 ³
526 2883 634 2938 cfr.
676 2886 888 2938 Schulte
900 2926 916 2953 ,
974 2882 1568 2950 Literaturgeschichte
1605 2884 1702 2937 der
1741 2882 2160 2953 Compilationes
2197 2883 2470 2953 antiquae,
2508 2883 2565 2937 in
2602 2883 2719 2937 citt.
2757 2882 2939 2938 relatt.

277 2982 418 3019 sess.
456 2968 588 3018 tom.
627 2964 818 3017 LXVI.
858 2982 908 3034 p.
949 2964 1034 3017 51.
1073 2980 1192 3032 sqq.

462 3045 489 3079 ⁴
528 3045 755 3112 Schulte,
793 3043 893 3097 Die
933 3042 1261 3097 Geschichte
1301 3043 1395 3096 der
1433 3041 1676 3108 Quellen,
1714 3045 1843 3097 tom.
1883 3043 1923 3096 I.
1962 3060 2014 3112 p.
2055 3044 2173 3096 179.
2213 3060 2295 3110 sq.

469 3126 489 3160 ⁵
529 3126 742 3177 Schulte
777 3124 813 3177 l.
853 3142 898 3177 c.
938 3141 989 3193 p.
1033 3123 1151 3177 152.
1493 3124 1514 3159 ⁵
1553 3124 1769 3176 Schulte
1804 3123 1840 3176 1.
1880 3141 1925 3177 c.
1965 3141 2015 3193 p.
2058 3124 2177 3178 152.
2216 3141 2299 3192 sq.

470 3207 490 3239 '¹
530 3205 743 3258 Schulte
778 3204 814 3258 l.
854 3221 900 3257 c.
939 3221 990 3273 p.
1034 3203 1151 3257 183.
1190 3220 1271 3271 sq.
1491 3203 1513 3237 ⁸
1552 3203 1766 3256 Schulte
1801 3203 1837 3256 1.
1878 3220 1922 3256 c.
1963 3220 2015 3272 p.
2057 3203 2176 3258 188.
2215 3220 2297 3271 sq.

464 3285 487 3320 ⁹
525 3285 737 3337 Schulte
773 3284 809 3337 l.
849 3301 895 3337 c.
934 3301 984 3353 p.
1028 3284 1145 3337 189.
1473 3283 1517 3318 ¹⁰
1555 3284 1769 3336 Schulte
1804 3282 1839 3336 l.
1880 3300 1925 3336 c.
1964 3301 2015 3352 p.
2056 3283 2177 3337 228.

444 3366 485 3401 ¹¹
525 3365 738 3417 Schulte
774 3364 809 3417 l.
849 3381 894 3417 c.
933 3381 984 3433 p.
1029 3364 1146 3417 198.
1185 3380 1267 3432 sq.
1467 3361 1511 3397 ¹²
1551 3364 1765 3416 Schulte
1799 3363 1835 3416 l.
1875 3380 1920 3416 c.
1959 3381 2011 3432 p.
2053 3363 2171 3419 190.
2210 3380 2293 3432 sq.

445 3444 490 3480 ¹⁸
529 3446 740 3498 Schulte
776 3444 812 3497 l.
852 3462 897 3497 c.
936 3461 988 3513 p.
1032 3443 1148 3496 191.
1187 3460 1269 3511 sq.

442 3526 487 3560 ¹⁴
525 3526 737 3578 Schulte
770 3523 807 3577 1.
847 3543 892 3578 c.
931 3541 982 3593 p.
1026 3524 1143 3577 199.
1182 3540 1303 3591 sqq.
1380 3522 1487 3576 cfr.
1530 3525 1675 3575 Idem
1691 3564 1707 3591 ,
1755 3522 2348 3590 Literaturgeschichte
2385 3523 2481 3576 der
2520 3521 2939 3592 compilationes

275 3604 557 3673 antiquae,
594 3605 630 3658 l.
670 3622 715 3659 e.
754 3622 806 3674 p.
847 3604 930 3658 78.
969 3620 1088 3671 sqq.

468 3687 683 3739 Codices
730 3703 851 3739 mss.
908 3684 1071 3754 hujus
1110 3682 1518 3752 Compilationis
1570 3683 1732 3737 multi
1784 3682 2045 3737 existunt.
2119 3682 2228 3736 Eos
2282 3681 2506 3736 adducit
2556 3684 2767 3736 Schulte
2814 3682 2850 3735 l.
2889 3700 2935 3736 c.

279 3784 333 3837 p.
377 3766 463 3819 74.
501 3782 614 3833 sq.;
651 3783 825 3835 porro,
862 3764 963 3818 Die
1003 3762 1329 3818 Geschichte
1368 3763 1464 3816 der
1501 3762 1745 3834 Quellen,
1781 3767 1910 3817 tom.
1950 3763 1990 3817 I.
2030 3781 2081 3833 p.
2122 3762 2207 3817 78.
2244 3765 2354 3817 not.
2396 3763 2444 3818 1.

464 3847 730 3914 Impreesa
780 3847 867 3899 est
917 3843 1063 3897 dicta
1101 3842 1422 3912 compilatio
1467 3842 1524 3896 in
1579 3861 1770 3914 opere:
1826 3842 2101 3911 Antiquae
2148 3842 2505 3897 collectiones
2553 3842 2937 3907 Decretalium,

283 3942 411 3980 cum
450 3927 577 3978 Ant.
618 3927 913 3992 Auyustini
929 3965 945 3993 ,
1002 3922 1242 3994 episcopi
1278 3922 1586 3987 IlerdensiS,
1633 3922 1807 3987 notis,
1856 3924 1937 3977 ed.
1976 3923 2187 3977 Ilerdae
2226 3924 2393 3988 1576,
2431 3923 2522 3977 fol.
2562 3923 2611 3976 7.
2650 3940 2801 3991 sqq.;
2854 3923 2935 3978 ed.

277 4005 457 4059 Paris.
499 4006 664 4069 1609,
702 4023 754 4075 p.
796 4005 842 4058 1.
881 4021 1000 4073 sqq.
1023 4025 1035 4068 ;
1087 4003 1220 4058 item
1272 4005 1400 4057 Ant.
1439 4005 1733 4071 Auquetini
1770 4002 1941 4073 Opp.,
1993 4004 2075 4057 ed.
2128 4003 2257 4057 Luc.
2302 4004 2439 4058 1765
2477 4020 2628 4072 sqq„
2673 4007 2803 4057 tom.
2843 4004 2920 4057 IV
2924 4046 2936 4058 .

279 4084 496 4138 Novam
547 4083 710 4154 hujus
749 4083 1157 4154 compilationis
1207 4082 1500 4138 editionem
1545 4083 1808 4137 ademare
1860 4082 2040 4152 coepit
2077 4086 2191 4137 Jos.
2231 4085 2358 4136 Ant.
2397 4085 2462 4135 de
2497 4085 2723 4151 Rieyqer
2735 4124 2751 4152 ‚
2796 4082 2937 4153 juris

276 4163 490 4235 publici
537 4163 596 4217 in
632 4163 1006 4218 Universitate
1044 4162 1313 4230 Pragensi
1363 4163 1636 4233 professor
1693 4162 1748 4231 (†
1790 4162 1951 4230 1795)
1979 4204 1991 4227 ,
2048 4162 2204 4232 cujus
2259 4161 2437 4233 operis
2487 4180 2615 4233 pars
2651 4163 2692 4216 I.
2739 4161 2939 4232 prodiit

274 4243 538 4311 Friburgi
573 4242 631 4297 in
667 4243 919 4311 Brisgov.
960 4262 1008 4297 a.
1039 4243 1176 4297 1778
1215 4243 1316 4297 sub
1351 4242 1543 4297 titulo:
1588 4242 1900 4309 „Bernardi,
1937 4242 2234 4313 praepositi
2256 4242 2559 4313 Papiensis,
2596 4240 2936 4296 Breviarium

272 4322 798 4391 Extravagantium‚
837 4341 961 4377 cum
999 4321 1248 4389 Gregorii
1271 4322 1365 4376 IX.
1404 4322 1588 4393 Papae
1612 4321 1980 4377 Decretalium
2014 4322 2341 4377 collectione
2377 4323 2447 4376 ad
2483 4321 2819 4376 harmoniam
2854 4340 2935 4376 re-

271 4405 586 4459 vocatum!
663 4404 924 4457 Attamen
959 4401 1188 4456 ulterius
1224 4402 1281 4455 in
1318 4420 1383 4456 ea
1419 4401 1652 4456 editione
1690 4419 2003 4472 processum
2039 4420 2147 4456 non
2183 4406 2284 4457 est.

465 4484 633 4538 Porro
669 4483 811 4537 hanc
828 4524 841 4548 ,
891 4482 1070 4553 prouti
1117 4481 1282 4537 etiam
1319 4481 1560 4552 reliquas
1611 4485 1871 4550 quattuor
1909 4481 2329 4552 Compilationes
2364 4481 2579 4552 proprie
2614 4481 2693 4535 ita
2744 4480 2935 4547 dictae,

272 4568 530 4629 attamen
564 4563 898 4618 solummodo
935 4563 1080 4631 quod
1117 4562 1317 4617 attinet
1352 4562 1448 4615 illa
1485 4561 1683 4631 capita,
1723 4579 1862 4630 quae
1898 4561 1956 4615 in
1980 4562 2333 4617 decretalium
2358 4561 2728 4616 collectionem
2752 4561 2936 4632 Papae

276 4643 537 4712 Gregorii
574 4643 669 4698 IX.
732 4644 800 4697 ab
851 4660 900 4697 a.
944 4642 1082 4697 1234
1131 4645 1352 4713 recepta
1400 4659 1509 4695 non
1557 4644 1688 4696 sunt
1701 4683 1715 4706 ‚
1771 4641 1942 4696 edidit
1987 4643 2250 4696 Aemilius
2285 4643 2581 4710 Friedbery
2633 4640 2693 4695 in
2745 4659 2933 4712 opere:

274 4725 534 4794 Quinque
571 4722 992 4793 Gompilationes
1041 4720 1297 4790 antiquae
1313 4759 1328 4787 ,
1378 4721 1524 4792 Lips.
1567 4721 1706 4776 1882
1724 4764 1737 4786 ,
1776 4725 1833 4776 et
1868 4720 2010 4776 hane
2048 4721 2267 4790 quidem
2305 4719 2769 4791 compilationem,
2805 4720 2934 4776 ibid.

276 4824 330 4877 p.
377 4805 422 4859 1.
462 4821 582 4873 sqq.
