3355 5328
1367 363 1544 433 Caput
1581 363 1647 416 Π.
1698 363 1730 429 ξ
1771 364 1852 417 15.
2566 338 2574 345 ’
2868 366 2936 419 27

459 517 602 583 Nec
645 518 757 583 ille
805 521 1013 585 codex
1058 520 1324 586 Decreti
1368 543 1488 587 ms,
1510 572 1525 601 ,
1589 544 1718 604 quo
1764 524 2101 587 Rolandus
2147 523 2572 589 Bandinellus
2631 524 2698 588 in
2746 524 2939 589 ador-

280 616 500 682 nanda
546 639 667 682 sua
716 618 981 684 Summa
1026 619 1322 698 Decreti,
1385 620 1450 684 id
1512 621 1686 702 quod
1746 624 1928 685 certo
1989 622 2144 684 ante
2192 619 2363 685 diem
2426 624 2484 687 7.
2537 622 2938 705 Septembris

284 715 455 779 1159
503 716 718 781 locum
763 717 1011 795 habuit,
1061 739 1216 782 usus
1264 723 1386 796 est,
1435 718 1735 784 titulum:
1794 718 2185 796 „Concordia
2227 718 2757 801 (Concordantia)
2806 720 2937 785 dis-

278 814 690 880 cordantium
751 820 1104 880 canonum“
1176 817 1481 882 habuisse
1539 817 1969 899 dignoscitur,
2032 818 2148 881 sed
2193 817 2411 899 potius
2456 818 2755 885 titulum:
2811 819 2940 883 De-

279 922 451 978 creta
498 915 808 978 Gratiani
853 914 1137 994 gessisse
1183 914 1463 981 videtur.
1557 916 1630 981 Id
1677 936 1809 980 non
1855 915 2064 980 solum
2120 936 2206 979 ex
2250 914 2674 999 inscriptione
2732 916 2938 1000 ipsius

281 1011 620 1077 Summae:
685 1011 947 1077 Stroma
990 1012 1269 1078 Rolandi
1317 1034 1402 1077 ex
1446 1014 1858 1079 Decretorum
1906 1036 2164 1098 corpore
2206 1018 2524 1097 carptum,
2573 1015 2689 1079 sed
2736 1014 2938 1080 etiam

279 1129 366 1173 ex
409 1109 491 1176 iis
538 1110 871 1191 colligitur
892 1161 906 1188 ,
976 1132 1142 1193 quae
1188 1111 1362 1177 idem
1406 1112 1746 1177 Rolandus
1805 1112 1874 1176 in
1932 1113 2204 1195 prologo
2263 1112 2456 1196 hujus
2503 1112 2807 1177 Summae
2853 1113 2938 1177 ad

282 1208 741 1291 explicandum
790 1209 1053 1275 titulum
1102 1210 1441 1275 Gratianei
1489 1210 1705 1294 operis
1724 1261 1738 1288 ,
1801 1211 1883 1275 ab
1939 1230 2018 1275 eo
2064 1210 2169 1274 hic
2213 1211 2283 1274 in
2336 1210 2786 1293 compendium
2832 1231 2958 1274 re-

279 1307 477 1384 dacti,
527 1309 739 1386 affert,
791 1308 1049 1373 dicens:
1109 1310 1286 1385 „Hoc
1334 1331 1496 1393 opus
1528 1332 1569 1374 a
1599 1309 2028 1393 compilatore
2057 1329 2296 1374 nomen
2335 1308 2555 1386 habet,
2603 1330 2733 1374 non
2766 1309 2939 1391 quod

278 1404 421 1489 ipse
496 1406 927 1484 ‚decretorum
994 1410 1243 1472 auctor‘
1312 1407 1612 1473 extiterit
1635 1458 1648 1485 ,
1722 1409 1839 1473 sed
1899 1408 1979 1471 de
2040 1406 2317 1472 diversis
2376 1407 2674 1491 partibus
2734 1428 2814 1472 ea
2870 1407 2939 1471 in

276 1525 480 1568 unum
528 1505 990 1585 congesserit.“
1027 1504 1048 1542 ¹

456 1604 512 1667 E
564 1603 795 1685 quibus
841 1604 1061 1669 verbis
1107 1605 1388 1670 Rolandi
1436 1604 1787 1670 manifeste
1835 1604 2081 1681 elucet,
2145 1604 2212 1668 in
2258 1604 2453 1670 titulo
2471 1655 2486 1683 ,
2535 1625 2728 1686 quem
2775 1625 2937 1687 opus

278 1700 580 1766 Gratiani
626 1702 694 1766 in
738 1702 850 1768 illo
894 1702 1113 1767 codice
1160 1725 1279 1769 ms.
1329 1703 1768 1787 praeferebat,
1816 1702 2190 1767 necessario
2237 1723 2501 1767 vocem:
2551 1705 2819 1785 decreta,
2870 1706 2939 1767 et

276 1819 728 1881 nequaquam:
790 1823 1060 1866 canones
1105 1801 1390 1884 positam
1436 1801 1640 1866 fuisse
1660 1852 1673 1879 ‚
1740 1822 1936 1882 quum
1984 1804 2130 1866 tota
2174 1800 2290 1865 illa
2337 1799 2705 1884 explicandi
2766 1800 2938 1865 ratio

277 1897 560 1961 Rolandi
607 1899 690 1962 ad
721 1920 983 1964 vocem:
1034 1900 1304 1981 decreta,
1355 1904 1423 1965 et
1461 1920 1873 1981 nequaquam
1906 1900 1990 1964 ad
2021 1919 2284 1963 vocem:
2332 1921 2601 1964 canones
2647 1901 2935 1982 spectet;

281 1997 353 2059 et
399 1994 550 2059 hinc
609 1995 791 2061 illum
856 1997 1123 2063 titulum
1185 1998 1590 2063 nullatenus:
1681 1996 2191 2074 „Concordantia
2236 1994 2649 2078 (Concordia)
2696 1995 2941 2061 discor-

282 2093 581 2157 dantium
628 2099 983 2160 canonum“
1042 2116 1187 2160 esse
1234 2096 1545 2179 potuisse.

460 2191 574 2255 Cui
601 2193 872 2271 accedit,
901 2194 1072 2275 quod
1096 2194 1452 2271 Rolandus,
1481 2193 1683 2257 etiam
1711 2186 2012 2256 Summus
2035 2192 2344 2256 Pontifex
2361 2192 2762 2272 (Alexander
2778 2192 2936 2271 III.)

277 2287 519 2367 factuS,
572 2290 869 2355 Gratiani
918 2313 1080 2374 opus
1126 2313 1257 2357 non
1303 2313 1500 2357 voce:
1559 2290 2072 2367 „Concordantia
2111 2289 2512 2370 (concordia)
2561 2289 2939 2353 discordan-

277 2386 446 2451 tium
495 2392 880 2467 canonum“‚
931 2389 1046 2453 sed
1093 2411 1293 2455 voce:
1343 2392 1612 2454 Decreta
1659 2387 1894 2453 citavit
1918 2387 1963 2454 ².

460 2487 797 2551 Rolandus
849 2487 1107 2569 quidem
1158 2509 1194 2552 e
1243 2491 1434 2571 parte
1484 2508 1604 2551 sua
1627 2537 1641 2564 ,
1715 2485 2136 2550 considerans
2199 2485 2630 2551 intentionem
2653 2535 2667 2563 ,
2741 2506 2938 2567 quam

280 2581 636 2649 Gratianus
683 2584 750 2648 in
797 2586 1131 2650 exarando
1181 2606 1377 2670 opere
1422 2585 1534 2649 illo
1582 2584 1757 2649 inter
1817 2587 2082 2649 caetera
2127 2583 2357 2649 habuit
2375 2634 2389 2661 ,
2458 2604 2620 2668 opus
2665 2583 2824 2647 illud
2870 2583 2938 2648 in

279 2686 597 2749 contextu
643 2687 973 2749 tractatus
1004 2684 1103 2749 sui
1147 2683 1593 2762 „concordiam
1625 2687 1980 2750 canonum“
2024 2683 2313 2766 appellat
2333 2678 2392 2758 ³:
2443 2685 2740 2747 attamen
2772 2683 2938 2747 Gra-

276 2779 533 2845 tianum
592 2781 807 2864 ipsum
854 2782 913 2847 ei
959 2783 1131 2847 hunc
1176 2782 1444 2849 titulum
1489 2782 1909 2865 imposuisse,
1973 2802 2055 2846 ne
2102 2782 2304 2846 verbo
2352 2780 2612 2862 quidem
2657 2780 2870 2847 innuit
2889 2781 2934 2848 ⁴.

458 2877 669 2954 Quum
717 2884 938 2945 autem
986 2882 1281 2965 Rufinus‘,
1346 2880 1455 2962 qui
1501 2880 1679 2946 intra
1726 2903 1783 2946 a.
1839 2882 2009 2945 1160
2058 2883 2125 2944 et
2177 2881 2380 2956 1170,
2445 2881 2513 2943 et
2558 2878 2707 2943 hinc
2754 2882 2936 2943 certo

276 2980 429 3060 post
474 2977 844 3043 Rolandum
862 2980 906 3056 ⁵,
956 3001 1143 3044 suam
1192 2980 1523 3044 Summam
1570 2979 1837 3044 Decreti
1884 2979 2279 3055 adornabat,
2330 2999 2370 3041 a
2415 2976 2713 3042 Rolando
2760 2978 2936 3041 Ban-

277 3074 540 3154 dinell0‚
589 3079 746 3141 tunc
785 3077 924 3159 jam
975 3077 1239 3142 Summo
1285 3077 1621 3155 Pontifice,
1676 3099 1838 3160 opus
1888 3076 2185 3142 Gratiani
2243 3075 2691 3154 „concordiam
2738 3095 2935 3140 cano-

275 3265 485 3302 recenS.
524 3248 677 3302 Petri
715 3252 772 3302 et
807 3250 1085 3303 Francisci
1128 3251 1359 3303 fratrum
1400 3251 1744 3302 Pithoeorum
1780 3249 1980 3320 prodiit
2015 3249 2071 3301 in
2107 3252 2235 3303 tom.
2276 3250 2316 3303 1.
2358 3249 2608 3320 Corporis
2654 3249 2759 3320 jur.
2799 3267 2935 3313 can„

278 3329 359 3382 ed.
400 3328 576 3382 PariS.
609 3330 745 3385 1686
774 3348 873 3398 sq„
910 3331 1021 3394 fol„
1061 3333 1118 3384 et
1154 3329 1283 3383 alibi
1322 3329 1557 3400 saepius,
1596 3331 1665 3383 ad
1703 3348 1853 3384 voc.:
1892 3332 1955 3383 de
1979 3331 2154 3397 jure),
2194 3348 2333 3399 quae
2369 3330 2588 3401 incipit:
2635 3330 2780 3396 „Hoc
2816 3330 2934 3384 loco

276 3407 332 3461 in
370 3409 759 3479 manuscriptis
796 3411 1100 3464 codicibus*
1144 3413 1246 3464 etc.

461 3491 481 3525 ¹
517 3488 738 3543 Summa
774 3491 1026 3558 magistri
1063 3490 1309 3554 Rolandi,
1348 3491 1431 3544 ed.
1470 3493 1689 3544 Fm‘der.
1739 3492 1970 3558 Thaner,
2010 3489 2293 3559 Oenipont.
2337 3491 2490 3554 1874,
2529 3509 2580 3560 p.
2619 3490 2669 3544 4.

462 3568 482 3601 ²
518 3569 792 3623 Videlicet
841 3570 897 3624 in
936 3569 1197 3624 decretali
1234 3569 1464 3640 epistola
1485 3613 1498 3634 ,
1550 3572 1620 3624 ad
1657 3570 2046 3624 Norvicensem
2096 3570 2154 3622 in
2190 3570 2392 3637 Anglia
2443 3569 2754 3640 episcopum
2806 3571 2936 3624 data

279 3649 512 3716 (Man-si,
551 3648 840 3703 Sacrorum
867 3650 1089 3705 Concill.
1128 3668 1271 3704 nova
1309 3654 1366 3704 et
1402 3650 1644 3720 ampliss.
1686 3650 1949 3704 collectio.
2000 3651 2234 3704 Florent.
2267 3652 2403 3704 1759
2430 3668 2568 3719 sqq„
2605 3654 2733 3704 tom.
2761 3650 2934 3705 XXII.

275 3727 378 3781 col.
419 3729 600 3796 2889,
654 3728 714 3783 in
751 3748 859 3798 qua
898 3732 1151 3794 effatum,
1201 3730 1259 3783 in
1310 3748 1355 3784 c.
1396 3731 1444 3785 3.
1500 3730 1557 3784 O.
1596 3731 1849 3785 XXXIII.
1904 3749 1992 3799 qu.
2035 3732 2081 3784 1.
2122 3730 2373 3800 positum,
2425 3730 2561 3785 citat
2597 3731 2682 3784 his
2719 3730 2935 3785 verbis:

280 3807 490 3873 „Quum
527 3808 842 3863 in'decretis
865 3810 1133 3864 habeatur
1157 3828 1492 3880 expressum,
1532 3811 1691 3878 quod,
1730 3810 1778 3864 si
1814 3810 1902 3864 vir
1927 3810 2142 3875 dixerit,
2182 3812 2353 3879 quod“
2396 3814 2499 3865 etc.
2546 3811 2936 3878 Fragmentum

273 3887 426 3942 illius
464 3888 753 3943 decretalis
791 3891 1030 3944 refertur
1080 3890 1136 3944 in
1174 3890 1492 3944 collectione
1531 3891 1884 3945 decretalium
1923 3891 2105 3960 Papae
2144 3890 2395 3958 Gregorii
2431 3891 2523 3944 IX.
2582 3891 2649 3944 ab
2688 3908 2737 3945 a.
2780 3892 2934 3956 1234,

274 3984 395 4037 cap.
435 3969 485 4022 6.
524 3969 590 4022 de
628 3970 877 4039 desponS.
914 3970 1116 4040 impub.
1155 3970 1248 4023 IV.
1289 3970 1338 4022 2.

444 4051 479 4086 -3
516 4048 814 4118 Postquam
853 4050 995 4104 enim
1032 4052 1316 4103 Rolandus
1357 4049 1525 4119 (apud
1566 4052 1786 4104 Thaner
1821 4050 1855 4104 l.
1896 4068 1941 4104 0.
1981 4069 2032 4121 p.
2071 4052 2122 4105 4.
2140 4071 2153 4115 ;
2192 4051 2358 4105 etiam
2396 4052 2539 4122 apud
2566 4053 2793 4120 Schulte,
2831 4053 2937 4105 Zur

277 4127 607 4182 Geschichte
645 4130 742 4183 der
777 4129 1054 4184 Literatur
1089 4131 1224 4184 fiber
1261 4131 1360 4183 das
1396 4130 1597 4183 Decret
1634 4130 1909 4184 Gratians.
1984 4131 2176 4185 Erster
2211 4131 2437 4199 Beitrag
2453 4174 2465 4196 ,
2503 4132 2559 4185 in
2597 4131 2712 4186 citt.
2750 4131 2932 4187 relatt.

276 4225 432 4272 sese„
468 4212 596 4262 tom.
632 4209 823 4263 LXIII.
862 4228 913 4280 p.
956 4211 1102 4277 307.)
1145 4211 1246 4264 hoc
1281 4214 1536 4279 respectu
1575 4210 1807 4274 dixerat,
1847 4211 2108 4265 Gratiano
2153 4229 2404 4277 „causam
2440 4211 2712 4266 scribendi
2745 4212 2933 4277 fuisse,

276 4287 618 4342 concordiam
654 4306 920 4343 canonum
958 4290 1329 4343 demonstrare
1381 4308 1673 4359 eorumque
1728 4290 2087 4345 differentiam
2139 4292 2208 4345 ad
2247 4291 2585 4345 concordiam
2621 4296 2933 4356 revocare“,

274 4370 409 4430 tum,
449 4385 513 4421 ea
550 4386 716 4423 causa
754 4370 965 4432 ductus
1003 4369 1105 4423 hoc
1131 4387 1266 4440 opus
1301 4369 1481 4439 ipsum
1514 4371 1885 4434 „concordiam
1911 4375 2203 4425 canonum“
2236 4371 2491 4442 appellat,
2531 4371 2742 4425 dicens:
2789 4372 2933 4436 „Ma-

275 4446 415 4501 teria
452 4452 582 4502 sunt
618 4466 682 4502 ea
698 4490 711 4513 ,
764 4450 829 4502 de
868 4448 1065 4517 quibus
1102 4449 1300 4516 agitur.
1379 4449 1514 4503 Cum
1565 4467 1695 4517 ergo
1735 4451 1800 4503 de
1837 4451 2072 4518 negotiis
2118 4451 2470 4506 ecclesiarum
2521 4453 2808 4504 concordia
2846 4471 2935 4505 ea-

278 4545 479 4581 nonum
529 4531 662 4595 agat
677 4570 689 4590 ,
741 4529 1087 4596 quaestiones
1127 4529 1425 4583 dirimendo
1442 4572 1456 4594 ,
1509 4530 1849 4584 concordiam
1900 4549 2165 4585 canonum
2215 4532 2458 4601 ponendo
2475 4573 2489 4596 ,
2541 4531 2933 4586 dissonantiam

278 4608 567 4661 eorundem
604 4609 675 4661 ad
712 4609 1051 4662 concordiam
1088 4611 1408 4674 revocando,
1448 4611 1638 4663 eadem
1674 4610 1796 4681 ejus
1834 4614 1995 4664 erunt
2028 4611 2306 4666 materia.“

455 4688 479 4722 ⁴
516 4687 626 4741 cfr.
673 4689 890 4741 Thanar
939 4688 974 4742 l.
1015 4707 1059 4742 0.
1100 4688 1418 4757 Einleitung
1468 4708 1519 4759 p.
1559 4690 1762 4755 XXV.,
1815 4694 1872 4745 et
1908 4695 2129 4745 econtra
2169 4694 2409 4760 Schulte,
2465 4691 2565 4745 Die
2604 4691 2934 4747 Geschichte

280 4766 373 4819 der
410 4766 650 4831 Quellen.
688 4770 818 4821 tom.
858 4768 897 4821 Ι.
937 4786 987 4837 p.
1025 4768 1113 4822 48.
1152 4772 1262 4823 not.
1301 4770 1349 4823 8.

457 4847 476 4880 ⁵
515 4846 625 4899 Cfr.
665 4863 829 4916 supra
866 4865 917 4916 p.
958 4848 1043 4901 21.
1083 4866 1163 4916 sq.
