3355 5328
352 315 417 370 17
421 316 455 371 6
1145 314 1284 368 Pars
1319 314 1387 367 II.
1442 312 1802 368 Collectiones
1838 312 2209 369 decretalium.

349 505 390 593 ξ
423 502 547 574 110.
610 506 1000 595 Explanatio
1050 504 1485 573 decretalium
1534 505 1602 572 et
1650 505 2190 573 constitutionum
2235 452 2738 594 pontificiarum,
2783 505 2854 571 in
2884 505 3011 573 hac

1148 610 1534 678 collectione
1584 611 2220 697 comprehensarum.

526 772 748 839 Etiam
796 772 1231 839 decretalibus
1278 777 1347 839 et
1392 772 1970 839 constitutionibus
2005 772 2355 857 pontificiis
2385 773 2576 857 hujus
2608 772 3011 839 collectionis

350 870 781 955 explanandis
826 891 871 935 a
914 869 1073 936 viris
1119 863 1394 938 eruditis
1440 870 1726 954 aliquam
1761 892 1985 937 curam
2030 870 2395 955 impensam
2440 870 2664 949 fuisse,
2713 871 2929 937 elucet
2973 891 3011 936 e

351 970 636 1053 Summa,
672 989 840 1051 quae
870 967 938 1034 in
970 968 1191 1034 codice
1220 991 1341 1036 ms,
1368 968 1511 1050 (lat.
1538 991 1601 1034 n.
1631 971 1782 1035 213.
1808 968 1920 1034 fol.
1953 969 2117 1034 mbr.
2146 989 2316 1035 saec.
2341 969 2518 1035 XIII.
2545 967 2838 1051 inXIV.)
2870 988 3008 1049 reg.

349 1066 783 1134 bibliothecae
813 1066 1147 1151 palatinae
1178 1067 1592 1133 Monacensis
1623 1066 1929 1133 refertur.
2001 1067 2187 1132 Haec
2219 1067 2486 1132 Summa
2530 1065 2598 1131 in
2628 1065 3011 1150 compendio

350 1165 558 1232 refert
586 1167 665 1230 77
696 1165 1059 1230 decretales
1084 1169 1151 1231 et
1176 1165 1698 1242 constitutiones,
1738 1186 1779 1230 a
1805 1164 2087 1230 Summis
2109 1164 2532 1230 Pontificibus
2558 1165 2863 1249 Greqorio
2885 1164 3009 1232 IX.

349 1284 556 1347 usque
602 1263 686 1328 ad
726 1262 1141 1346 Bonifacium
1172 1264 1352 1329 VIII.
1403 1262 1633 1341 editas,
1682 1261 1957 1346 publicis
2005 1283 2121 1328 seu
2168 1262 2563 1329 authenticis
2610 1260 3011 1329 collectioni-

349 1362 473 1428 bus
521 1361 931 1427 Summorum
976 1360 1365 1427 Pontificum
1411 1362 1740 1427 Innocenti
1788 1361 1905 1426 IV.
1921 1411 1942 1445 ,
1993 1362 2288 1446 G-reyorii
2331 1360 2421 1428 X.
2470 1364 2541 1427 et
2583 1361 2838 1427 Nicolai
2880 1360 3009 1428 III.

351 1480 483 1525 non
530 1459 1034 1543 comprehensas
1081 1456 1680 1542 (extravagantes),
1728 1458 1904 1526 inter
1948 1479 2111 1540 quas
2156 1461 2311 1525 sunt
2359 1460 2442 1524 58
2491 1480 2529 1524 e
2576 1457 3012 1529 decretalibus

352 1562 422 1624 et
470 1556 1041 1623 constitutionibus
1086 1556 1435 1640 pontificiis
1458 1606 1472 1634 ,
1521 1556 1590 1621 in
1635 1577 1837 1640 supra
1883 1555 1947 1637 (ὃ
2001 1555 2177 1638 109.)
2222 1558 2588 1622 memorata
2633 1555 3012 1622 collectione

352 1654 600 1731 relatis,
650 1676 925 1737 quarum
972 1655 1042 1720 in
1085 1655 1210 1720 hac
1241 1657 1507 1720 Summa
1553 1654 1836 1721 strictim
1867 1654 2217 1720 exhibetur
2263 1675 2501 1738 scopus
2547 1658 2615 1720 et
2661 1674 3013 1736 argumen-

350 1758 513 1822 tum.
577 1751 758 1829 Quae
790 1754 1076 1835 Summa,
1123 1752 1222 1818 uti
1246 1753 1386 1836 jam
1418 1773 1503 1817 ex
1535 1752 1676 1836 ejus
1706 1752 2021 1835 peculiari
2054 1752 2476 1836 dispositione
2514 1752 2747 1831 elucet,
2791 1750 3009 1828 alium,

355 1854 555 1933 atque
598 1850 905 1933 praefata
949 1849 1269 1927 collectiO,
1318 1853 1656 1916 auctorem
1701 1849 2010 1915 habuisse
2057 1849 2464 1932 dignoscitur
2488 1848 2529 1917 ¹.

1116 2100 1588 2206 SEOTIO
1666 2100 2253 2222 QUARTA.

354 2310 603 2368 Liber
641 2309 940 2368 Sextus
989 2308 1529 2399 decretalium
1566 2309 1845 2382 Papae
1884 2306 2304 2366 Bonifaeii
2341 2307 2574 2366 VIII.
2622 2324 2698 2366 a.
2736 2308 2943 2367 1298
2966 2311 3013 2369 ².

1293 2485 1617 2574 CAPUT
1670 2484 2084 2572 PRIMUM.

359 2662 644 2739 Causa
723 2666 1294 2742 adornandae
1378 2669 1676 2766 hujus
1759 2668 2337 2741 decretalium
2420 2668 3010 2762 collectionis,

479 2813 671 2882 ejus
726 2788 1233 2885 designatio
1292 2800 1372 2865 et
1428 2791 1794 2883 divisio,
1856 2799 1939 2861 et
1993 2814 2177 2862 eam
2234 2789 2575 2862 citandi
2632 2788 2888 2862 ratio,

600 2982 638 3069 ξ
685 2979 797 3051 111.
890 2983 1099 3053 (lausa
1147 2984 1571 3055 adornandae
1619 2987 1817 3075 hujus
1865 2983 2299 3054 decretalium
2345 2985 2770 3054 collectionis.
2833 3069 2838 3074 1

534 3143 744 3221 Quum
789 3146 972 3229 Papa
1017 3148 1401 3232 Bonifacius
1445 3149 1626 3214 VIH.
1676 3146 1811 3228 (24.
1859 3148 2017 3214 Dec.
2058 3148 2427 3213 1297—11.
2472 3145 2616 3212 Oct.
2669 3143 2868 3227 1303)
2915 3143 3015 3208 vi-

357 3243 544 3309 deret
561 3293 575 3321 ,
640 3243 1063 3310 decretalium
1115 3250 1183 3312 et
1232 3245 1772 3313 constitutionum
1813 3246 2293 3330 pontificiarum
2307 3295 2321 3324 ,
2370 3248 2522 3329 post
2568 3242 3017 3308 collectionem

358 3342 833 3424 Gregorianam
879 3343 1234 3422 editarum,
1299 3344 1715 3410 collectiones
1734 3394 1748 3422 ,
1812 3365 1981 3426 quae
2024 3348 2182 3409 tunc
2228 3344 2615 3426 exstabant,
2676 3361 2810 3406 non
2872 3361 3016 3406 esse

356 3440 736 3523 completaS,
786 3445 854 3506 et
885 3441 1006 3507 tali
1038 3442 1295 3508 ratione
1328 3463 1524 3527 saepe
1564 3442 1849 3521 evenire,
1896 3445 1973 3509 ut
2000 3441 2324 3525 genuinae
2358 3440 2721 3506 decretales
2750 3441 2822 3504 et
2862 3459 3015 3504 con-

357 3537 737 3605 stitutiones
772 3538 1164 3621 pontificiae,
1213 3539 1343 3604 illis
1375 3539 1866 3605 collectionibus
1897 3561 2029 3605 non
2074 3539 2602 3623 comprehensae,
2649 3537 2719 3602 in
2757 3536 3018 3621 judiciis

357 3639 426 3701 et
471 3635 539 3700 in
585 3635 823 3701 scholis
868 3657 986 3721 pro
1035 3636 1273 3720 spuriis
1308 3637 1711 3703 haberentur
1751 3641 1820 3704 et
1869 3638 2329 3722 rejicerentur3
2381 3657 2578 3719 quum
2622 3656 2820 3719 porro
2875 3635 3017 3701 ani-

356 3733 823 3799 madvertisset
835 3784 856 3817 ,
900 3733 1076 3800 inter
1120 3734 1486 3801 decretales
1533 3740 1601 3801 et
1647 3735 2150 3802 constitutiones
2194 3736 2343 3801 illas
2389 3738 2498 3801 sat
2540 3735 2784 3799 multas
2828 3753 3018 3817 repe-

356 3829 472 3895 riri
491 3880 505 3908 ,
568 3851 736 3913 quae
779 3832 1236 3898 tantummodo
1295 3855 1415 3917 pro
1463 3836 1646 3899 certo
1694 3833 1914 3916 aliquo
1960 3832 2228 3916 negotio
2275 3831 2593 3915 singulari
2639 3830 2857 3897 editae
2901 3852 3019 3896 seu

357 3949 536 3993 mere
566 3929 962 4011 temporales
1010 3935 1236 4008 erant3
1285 3952 1479 4015 porro
1528 3931 1694 3996 alias
1741 3951 1968 3996 earum
2002 3952 2148 3997 esse
2177 3931 2456 3997 multum
2487 3929 2803 4016 prolian‚
2851 3927 3018 3995 alias

356 4025 594 4091 iterum
642 4047 786 4091 esse
832 4026 980 4092 aliis
1024 4050 1339 4113 perquam
1386 4029 1632 4095 similes
1676 4030 1786 4094 vel
1821 4051 2090 4113 prorsus
2140 4030 2449 4112 aequales
2499 4032 2569 4095 et
2605 4028 2757 4093 hinc
2787 4048 3019 4110 super-

358 4125 557 4202 fiuas3
620 4125 784 4190 alias
844 4127 1066 4191 autem
1096 4175 1099 4178 >
1128 4148 1272 4193 esse
1318 4126 1441 4193 sibi
1486 4127 1767 4193 invicem
1823 4129 1931 4194 vel
1977 4127 2355 4211 vigentibus
2399 4131 2558 4194 tunc
2596 4126 2765 4210 juris
2810 4126 3019 4192 eccle-

360 4222 607 4289 siastici
651 4222 897 4288 normis
940 4225 1336 4303 contrarias3
1385 4246 1715 4307 quumque
1745 4224 2013 4309 insuper
2044 4225 2510 4303 consideraret,
2559 4223 2872 4291 continua
2898 4245 3020 4290 no-

358 4341 592 4386 varum
639 4322 1064 4389 decretalium
1112 4326 1180 4388 et
1225 4323 1767 4390 constitutionum
1810 4324 2293 4407 pontificiarum
2339 4322 2696 4388 insertione
2754 4321 2824 4387 in
2886 4321 3020 4388 col-

360 4419 707 4484 lectionem
772 4420 1246 4502 Gregorianam
1307 4422 1517 4487 multa
1580 4422 1774 4504 hujus
1833 4421 2235 4487 collectionis
2289 4420 2695 4505 exemplaria
2748 4417 3017 4496 destrui,

363 4521 542 4583 certe
587 4516 932 4601 corrumpi,
981 4522 1049 4584 et
1094 4517 1189 4583 sic
1234 4517 1614 4601 frequenter
1667 4518 2109 4585 necessarium
2154 4518 2297 4584 fore
2315 4568 2329 4597 ,
2390 4522 2468 4585 ut
2510 4540 2685 4585 nova
2728 4517 3019 4602 ejusdem

543 4702 562 4736 ¹
602 4701 830 4769 Schulte,
868 4699 969 4754 Die
1006 4700 1345 4765 Decretalen,
1384 4700 1419 4754 1.
1458 4718 1505 4756 c.
1543 4719 1594 4771 p.
1635 4702 1757 4756 780.
1796 4717 1917 4770 sqq.

542 4779 561 4812 ²
601 4782 846 4850 Phillips,
884 4780 1307 4846 Kirchenrecht‚
1346 4783 1475 4835 tom.
1513 4780 1606 4835 I'V.
1646 4799 1698 4851 p.
1739 4781 2074 4847 355.--373.;
2115 4782 2343 4851 Schulte,
2380 4780 2482 4835 Die
2518 4779 2858 4845 Decretalen,
2894 4778 2932 4834 l.
2972 4796 3017 4833 c.
