3355 5328
1119 1165 1498 1301 PARS
1593 1164 2302 1302 SECUNDA.

571 1439 1675 1543 ootnnc'rloan
1761 1442 2857 1543 oncnn'rALlUM.

1211 1825 1684 1930 sEcTIO
1725 1754 1732 1760 ’
1761 1825 2226 1927 PRIMA.

396 2040 942 2099 Collectiones
1000 2042 1561 2110 decretalium,
1618 2044 1803 2112 post
1861 2042 2301 2099 Decretum
2356 2040 2742 2098 Gratiani
2798 2053 3057 2109 usque

396 2129 499 2186 ad
534 2129 1118 2188 Pontificatum
1147 2130 1531 2203 Gregorii
1558 2131 1710 2187 IX.
1753 2129 2291 2202 (1222—1241)
2329 2130 2534 2187 excl.
2576 2129 3057 2186 adornatae.

698 2284 737 2397 ξ
785 2309 891 2379 54.
984 2311 1370 2400 Hujusmodi
1417 2313 1835 2380 collectiones
1885 2309 2318 2378 decretalium
2364 2308 2759 2396 generatim.

574 2487 735 2554 Post
781 2490 1027 2554 editum
1073 2491 1428 2555 Decretum
1477 2489 1775 2554 Gratiani
1834 2489 2073 2553 iterum
2132 2509 2345 2552 novae
2402 2485 2912 2552 constitutiones
2961 2504 3064 2549 ec-

399 2586 804 2651 clesiasticae
854 2591 922 2652 et
967 2587 1284 2671 imprimis
1330 2587 1700 2671 pontificiae
1749 2586 2109 2651 decretales
2133 2589 2153 2626 ¹
2210 2585 2613 2669 prodierunt.
2708 2583 2802 2648 Et
2848 2581 3066 2667 ponti-

397 2684 585 2749 ficiae
634 2684 996 2750 decretales
1045 2685 1302 2767 quidem
1348 2686 1738 2769 praesertim
1785 2685 1935 2750 inde
1984 2686 2065 2749 ab
2114 2684 2324 2749 altero
2374 2681 2639 2748 dimidio
2688 2702 2862 2747 saec,
2901 2680 3063 2756 XH.‚

402 2785 469 2847 et
516 2782 902 2849 nominatim
949 2783 1098 2849 inde
1145 2805 1187 2848 a
1232 2783 1634 2868 temporibus
1681 2785 1900 2867 Papae
1947 2785 2312 2848 Alexandri
2358 2783 2487 2846 ΙΙΙ.
2538 2777 3064 2861 (1159—1181),

401 2879 929 2961 frequentissime
990 2881 1459 2947 emittebantur
1476 2931 1490 2959 ‚
1552 2882 1648 2947 ita
1694 2886 1769 2947 ut
1812 2882 1963 2946 inde
2011 2881 2092 2945 ab
2138 2881 2250 2944 illo
2311 2883 2609 2962 tempore
2666 2876 3067 2943 uberrimum

401 2976 655 3042 fontem
695 2978 860 3061 juris
909 2979 1200 3044 canonici
1248 2979 1739 3044 constituerent.
1818 2977 1997 3054 Quae
2029 2977 2533 3043 constitutiones
2580 2974 3068 3040 ecclesiasticae

405 3096 662 3153 omneS‚
726 3076 879 3158 quia
924 3077 992 3140 in
1035 3078 1320 3143 Decreto
1370 3076 1698 3155 Gratiani,
1764 3077 1933 3158 quod
1994 3080 2152 3141 tunc
2196 3096 2316 3159 pro
2375 3074 2703 3158 completa
2744 3073 2916 3156 juris
2963 3091 3068 3135 ca-

404 3171 618 3236 nonici
664 3172 952 3256 vigentis
1014 3173 1394 3239 collectione
1448 3174 1814 3239 habebatur
1859 3177 1927 3238 et
1980 3173 2130 3236 hinc
2191 3172 2394 3238 etiam
2444 3173 2688 3257 Corpus
2738 3174 2924 3255 juris
2969 3190 3067 3233 ca-

403 3275 618 3337 nonici
650 3270 990 3337 dicebatur
1010 3268 1054 3350 ²,
1103 3294 1233 3337 non
1266 3272 1998 3354 comprehendebantur,
2048 3270 2163 3335 sed
2213 3278 2394 3335 extra
2435 3269 2595 3334 illud
2643 3268 3068 3353 vayabantur,

408 3378 889 3455 extravayantes
937 3368 1253 3452 appellari
1301 3372 1781 3433 consueverunt
1804 3364 1845 3432 ³.

585 3466 764 3543 Quae
812 3469 1332 3549 extravagantes
1378 3465 1657 3550 primum
1702 3466 1984 3530 Decreto
2038 3467 2354 3547 tanquam
2403 3463 2738 3547 appendix
2786 3482 3071 3546 appone-

406 3565 681 3643 bantur;
732 3586 930 3647 quum
963 3567 1186 3629 autem
1217 3562 1534 3647 paulatim
1572 3583 1959 3627 numerosae
1992 3562 2424 3639 exstitissent,
2475 3564 2676 3627 enata
2707 3559 3069 3626 necessitas

408 3665 513 3726 est
535 3712 548 3738 ‚
622 3683 735 3726 eas
804 3661 1077 3726 seorsim
1148 3662 1215 3724 in
1284 3681 1482 3725 unum
1554 3659 1899 3740 colligendi
1969 3679 2121 3737 seu,
2199 3659 2296 3724 uti
2372 3658 2526 3724 olim
2596 3658 2727 3723 dici
2798 3657 3068 3731 solebat,

410 3761 800 3843 compilandi
825 3758 870 3823 ⁴.

592 3944 612 3976 ¹
652 3940 759 3993 cfr.
799 3958 964 4009 supra
1001 3958 1050 4009 p.
1094 3940 1176 3993 15.
1216 3956 1296 4007 sq.
1481 3939 1503 3972 ²
1542 3936 1650 3991 cfr.
1692 3955 1856 4006 supra
1893 3956 1942 4007 p.
1984 3939 2068 3991 25.

595 4019 615 4052 ⁸
653 4021 899 4088 Phillips,
936 4017 1345 4082 Kirchenrecht‚
1383 4021 1512 4070 tom.
1552 4018 1644 4070 IV.
1686 4035 1735 4086 p.
1775 4017 1927 4081 209.;
1980 4020 2232 4071 Maassen
2245 4060 2261 4087 ,
2295 4018 2573 4085 ‘Beitrage
2611 4036 2709 4071 zur
2749 4016 3074 4072 Geschichte

413 4100 510 4153 der
540 4098 897 4169 juristischen
933 4099 1206 4152 Literatur
1246 4097 1340 4151 des
1377 4096 1730 4150 Mittelalters
1748 4139 1759 4159 ‚
1811 4096 1868 4149 in
1906 4097 2021 4150 citt.
2060 4097 2242 4151 relatt.
2283 4115 2418 4151 sess
2457 4101 2589 4151 tom.
2628 4097 2834 4151 XXIV.
2876 4116 2929 4167 p.
2970 4096 3075 4157 14.;

414 4180 629 4232 Schulte
641 4220 657 4247 ,
709 4178 816 4231 Zur
854 4177 1182 4232 Geschichte
1221 4177 1315 4229 der
1352 4176 1626 4229 Literatur
1662 4175 1796 4228 iiber
1843 4176 1940 4229 das
1976 4176 2176 4230 Decret
2214 4176 2489 4231 Gratians.
2566 4177 2801 4231 Zweiter
2840 4177 3076 4241 Beitrag,

413 4259 469 4310 in
508 4258 621 4312 citt.
660 4257 844 4311 relatt.
884 4274 1018 4310 sess,
1056 4259 1185 4309 tom.
1225 4254 1416 4308 LXIV.
1456 4273 1505 4324 p.
1549 4255 1665 4310 105.
1706 4258 1815 4307 not.
1859 4255 1904 4307 1.

594 4348 617 4383 ⁴
655 4348 886 4414 Schulte,
925 4345 1150 4411 Beitrag
1188 4360 1284 4395 zur
1321 4342 1648 4396 Geschichte
1689 4342 1783 4396 des
1822 4343 2178 4397 canonischen
2203 4345 2410 4399 Rechts
2447 4364 2555 4399 von
2596 4345 2835 4400 Gratian
2872 4346 2957 4399 bis
2993 4342 3084 4397 auf

414 4425 696 4479 Bernhard
747 4443 855 4479 von
892 4423 1094 4486 Pavia,
1150 4422 1207 4474 in
1243 4421 1358 4474 citt.
1396 4420 1576 4474 relatt.
1628 4438 1762 4474 sess.
1809 4423 1937 4473 tom.
1976 4422 2191 4476 LXXII.
2231 4442 2282 4493 p.
2320 4424 2443 4479 481.
2484 4442 2604 4494 sqq.
2681 4424 2901 4478 Voces:
2953 4439 3078 4475 com·

413 4507 593 4572 ρτῐανε
643 4508 700 4559 et
752 4505 1055 4571 compilatio
1106 4500 1387 4554 sinistrum
1425 4499 1605 4563 illum,
1657 4516 1818 4568 quem
1863 4518 2006 4553 nunc
2055 4502 2371 4571 plerumque
2409 4504 2643 4566 habent,
2697 4504 3078 4572 significatum,

415 4584 670 4637 nimirum
706 4600 797 4637 res
836 4600 906 4635 ex
943 4580 1134 4634 alienis
1172 4578 1422 4649 operibus
1461 4579 1762 4633 describere
1801 4582 1856 4631 et
1891 4579 1948 4632 in
1983 4598 2150 4634 unum
2178 4586 2467 4650 congestas
2492 4586 2762 4652 tanquam
2800 4601 2936 4638 suas
2960 4599 3079 4636 ven·

418 4664 615 4728 ditare,
655 4663 783 4718 olim
819 4680 927 4715 non
963 4661 1226 4723 habebat,
1265 4659 1362 4712 sed
1399 4657 1716 4727 simpliciter
1752 4658 1825 4726 id,
1866 4660 2007 4725 quod
2043 4678 2186 4714 nunc
2221 4680 2414 4716 voces:
2473 4665 2722 4731 colliyere
2761 4667 2820 4717 et
2859 4665 3078 4717 collectio

417 4744 692 4807 denotant,
731 4740 1127 4809 significabant.
1202 4739 1325 4807 Ipse
1364 4737 1514 4805 Papa
1556 4739 1849 4804 Greqorius
1874 4739 1974 4791 IX.
2021 4739 2421 4810 (1227—1241)
2465 4743 2522 4796 in
2558 4743 2741 4797 bulla:
2782 4745 2907 4797 Rex
2935 4744 3080 4812 paci·

474 5005 535 5056 Ἃ
