3355 5328
430 276 502 330 30
1320 274 1458 328 Pars
1496 274 1535 327 I.
1588 274 1882 328 Decretum
1920 275 2183 330 Gratiani.

433 438 516 502 ab
575 436 717 520 ipso
768 437 1081 502 Gratiano
1140 436 1209 501 in
1254 438 1609 502 Decretum
1656 438 1907 504 relatas
1925 488 1939 515 ‚
2006 459 2152 503 esse
2214 437 2436 520 exigui
2495 439 2603 504 vel
2662 437 2903 502 nullius
2949 459 3090 502 mo-

432 535 657 611 menti,
706 535 804 599 uti
851 535 1077 618 paleas
1122 535 1438 599 frumenti
1470 533 1508 601 ¹.

612 635 703 698 Et
750 634 832 697 ab
864 633 1049 697 initio
1083 633 1343 714 quidem
1374 633 1616 698 Paleae
1661 634 1729 697 in
1776 634 2072 715 margine
2103 634 2390 712 Decreti,
2438 635 2545 699 vel
2578 635 2778 700 etiam
2823 633 2893 698 in
2937 633 3093 699 ulti-

434 731 557 796 mis
604 731 778 796 foliis
822 736 1139 813 tanquam
1186 731 1535 814 appendix,
1586 730 1975 814 quandoque
2023 732 2223 797 etiam
2256 754 2296 797 a
2327 733 2546 799 fronte
2576 732 2842 798 Decreti
2889 753 3091 816 pone-

433 832 690 895 bantur.
787 829 1008 894 Serius
1055 833 1309 907 autem,
1374 830 1527 893 dum
1572 829 1880 895 nimirum
1939 852 2111 895 nova
2158 831 2425 895 Decreti
2485 830 2890 914 exemplaria
2936 851 3090 894 con-

431 928 837 1004 ficiebantur,
885 927 1101 993 textui
1147 928 1415 993 Decreti
1461 928 1528 992 in
1575 929 1882 1009 congruis
1927 928 2087 993 locis
2134 929 2422 993 insertae
2470 932 2623 994 sunt
2646 925 2689 995 ².

610 1025 1165 1102 Quemadmodum
1225 1026 1481 1091 codices
1540 1048 1695 1093 mss,
1716 1076 1731 1104 ‚
1797 1027 1893 1092 ita
1953 1027 2154 1092 etiam
2216 1027 2535 1092 editiones
2594 1027 2859 1092 Decreti
2921 1027 3090 1091 aliae

431 1126 670 1208 plureS,
721 1124 889 1189 aliae
935 1124 1278 1208 pauciores
1324 1125 1558 1189 Paleas
1606 1124 1918 1190 exhibent
1937 1121 1983 1191 ⁸.

611 1222 744 1288 Alii
788 1243 1045 1287 vocem:
1094 1224 1314 1305 Palea,
1364 1222 1868 1288 auctoritatibus
1898 1222 2164 1288 Decreti
2210 1224 2591 1306 praefixam,
2641 1222 2834 1288 aliter
2879 1222 3089 1306 expli-

432 1322 710 1386 candum
770 1323 1179 1385 censuerunt.
1272 1322 1363 1385 Et
1426 1321 1718 1385 nonnulli
1767 1320 2027 1402 quidem
2083 1342 2232 1386 eam
2291 1321 2674 1386 derivarunt
2719 1343 2760 1386 a
2806 1321 3089 1402 quodam

433 1419 619 1501 quasi
654 1421 1013 1502 Cardinali,
1062 1418 1321 1482 nomine
1366 1420 1797 1503 Paucapalea,
1846 1422 2213 1496 narranteS,
2263 1419 2433 1484 hunc
2479 1419 2891 1484 Cardinalem
2922 1419 3087 1484 Gra-

433 1518 613 1583 tiano
645 1519 998 1582 Decretum
1045 1537 1163 1599 per
1208 1516 1509 1581 fraudem
1541 1517 1928 1582 subtrahere
1976 1521 2044 1582 et
2090 1516 2213 1582 sibi
2244 1520 2561 1599 tanquam
2596 1517 2848 1582 auctori
2896 1519 3087 1583 attri-

431 1618 632 1681 buere
678 1614 996 1691 voluisse,
1051 1617 1250 1695 atque
1298 1615 1383 1679 ad
1426 1615 1550 1680 hoc
1596 1615 1888 1698 plagium
1936 1616 2425 1697 exsequendum
2472 1619 2541 1681 et
2588 1616 2929 1680 celandum
2975 1617 3088 1682 illa

431 1714 882 1780 additamenta
927 1714 1209 1777 Decreto
1271 1712 1685 1796 adposuisse;
1748 1713 1918 1778 hanc
1978 1717 2202 1779 autem
2262 1713 2563 1778 fraudem
2624 1713 2928 1798 deinceps
2977 1715 3087 1779 de-

430 1816 678 1877 tectam
724 1815 793 1876 et
838 1811 951 1875 illa
997 1810 1447 1876 additamenta
1494 1833 1535 1876 a
1583 1811 1899 1876 Gratiano
1946 1833 2143 1877 voce:
2202 1813 2469 1889 „Palea“
2529 1812 2876 1894 designata
2922 1835 3084 1891 esse,

430 1914 573 1976 tum
618 1909 874 1975 ratione
922 1908 1208 1974 auctoris
1271 1929 1494 1973 eorum
1514 1959 1527 1986 ,
1593 1909 1955 1974 Cardinalis
2001 1911 2476 1994 Paucapaleae,
2544 1913 2683 1975 tum
2732 1910 2935 1976 etiam
2979 1933 3088 1976 ra-

428 2008 609 2075 tione
657 2007 878 2089 exigui
922 2007 1214 2090 ipsorum
1258 2007 1456 2090 pretii
1501 2007 1568 2071 in
1614 2008 1937 2073 relatione
1985 2009 2068 2072 ad
2116 2007 2565 2085 auctoritates,
2616 2009 2699 2073 ab
2744 2008 2888 2092 ipso
2923 2010 3088 2074 Gra-

429 2107 611 2172 tiano
657 2106 726 2170 in
769 2107 1123 2171 Decretum
1168 2106 1452 2171 insertas
1471 2156 1485 2184 ,
1549 2127 1675 2187 quo
1723 2109 2027 2189 respectu
2074 2127 2145 2171 se
2190 2106 2288 2171 ita
2317 2107 2664 2183 haberent,
2713 2107 2811 2172 uti
2858 2107 3088 2190 paleae

430 2206 514 2269 ad
560 2204 875 2270 frumenti
921 2225 1132 2286 grana
1153 2201 1198 2270 ⁴.

608 2303 787 2380 Quae
833 2302 1160 2379 narrati0‚
1225 2302 1323 2367 uti
1377 2303 1515 2385 jam
1576 2323 1696 2386 per
1757 2324 1827 2366 se
1872 2303 2202 2367 fictionem
2249 2302 2537 2380 redolet,
2602 2303 2700 2368 ita
2761 2303 2964 2368 etiam
3010 2325 3088 2369 eo

430 2402 609 2466 nulla
666 2401 794 2466 fide
856 2402 1053 2482 digna
1101 2421 1245 2465 esse
1293 2404 1733 2478 monstratur,
1798 2401 1971 2482 quod
2030 2421 2235 2482 usque
2296 2401 2379 2465 ad
2439 2400 2562 2465 hoc
2606 2405 2868 2484 tempus
2914 2400 3091 2467 inter

432 2499 494 2565 S.
543 2499 621 2564 R.
671 2499 747 2563 E.
798 2498 1175 2562 Cardinales
1233 2498 1515 2562 inveniri
1574 2499 1791 2562 nullus
1838 2498 2054 2581 potuit
2076 2548 2090 2575 ‚
2160 2498 2268 2580 qui
2314 2499 2759 2582 Paucapalea,
2825 2499 2894 2563 in
2960 2520 3088 2581 quo

429 2595 688 2661 nomine
744 2595 1141 2661 narrationis
1199 2596 1375 2660 illius
1435 2596 1632 2661 cardo
1693 2597 1981 2662 vertitur
1998 2647 2012 2676 ,
2081 2597 2409 2662 diceretur
2428 2596 2473 2663 ⁵.
2567 2596 2751 2662 Alias
2800 2597 3090 2682 explica-

427 2695 643 2760 tiones
689 2694 861 2758 illius
907 2695 1107 2771 vocis,
1158 2715 1326 2776 quae
1374 2715 1521 2759 eam
1569 2716 1605 2759 e
1651 2716 1892 2775 graeco
1939 2694 2103 2755 πάλιν
2137 2695 2422 2777 (iterum,
2470 2717 2715 2773 rursuS,
2765 2699 2834 2761 et
2879 2696 2974 2762 sic
3006 2725 3091 2748 =

427 2793 635 2858 serius
667 2813 783 2857 seu
814 2792 1189 2876 posterius),
1231 2793 1337 2857 vel
1371 2814 1406 2857 e
1437 2814 1677 2873 graeco
1709 2788 1966 2864 παλαιός,
1999 2789 2053 2862 ά,
2084 2791 2144 2854 όν
2178 2792 2532 2875 (antiquus,
2569 2797 2637 2859 et
2668 2794 2761 2858 sic
2796 2824 2876 2849 ---
2912 2794 3085 2860 anti-

424 2894 696 2973 quatum
742 2912 859 2955 seu
903 2890 1142 2955 nullius
1172 2890 1416 2974 pretii),
1465 2891 1572 2955 vel
1606 2911 1642 2955 e
1674 2890 1973 2955 vocibus:
2011 2899 2158 2976 post
2206 2895 2340 2956 alia
2386 2892 2740 2957 formatam
2788 2913 2934 2957 esse
2966 2914 3086 2976 pu-

422 2993 590 3067 tant,
640 2990 1185 3071 quemadmodum
1217 3010 1253 3053 e
1285 2989 1593 3054 vocibus:
1630 2998 1778 3074 post
1808 2992 1923 3054 illa
1969 2989 2255 3056 formata
2288 2990 2375 3055 sit
2405 3011 2571 3055 vox:
2609 2994 2873 3075 postilla
2905 2992 3085 3077 (apo-

422 3088 644 3167 stilla)‚
694 3108 897 3169 germ.
946 3089 1202 3152 Postilla>
1228 3084 1252 3122 ⁶
1265 3139 1284 3171 ,
1348 3091 1577 3171 utpote
1623 3087 1816 3152 nimis
1864 3087 2254 3153 artificiosas
2301 3091 2499 3169 atque
2546 3088 2747 3153 etiam
2790 3089 2943 3153 huic
2989 3089 3089 3154 rei

424 3185 852 3269 explicandae
897 3185 1112 3249 minus
1155 3186 1702 3263 accommodataS‚
1752 3185 2137 3269 simpliciter
2182 3207 2727 3251 commemorasse
2774 3186 3084 3253 sufficiat.

1138 3385 1178 3471 ξ
1224 3383 1310 3452 17.
1407 3353 1773 3453 Summaria
1821 3386 2292 3488 auctoritatum
2311 3386 2353 3452 ⁷.

599 3548 904 3612 Plurimis
959 3548 1465 3614 auctoritatibus
1510 3547 1778 3612 Decreti
1837 3547 2115 3631 praefixi
2174 3551 2327 3613 sunt
2383 3549 2620 3612 breves
2682 3547 2930 3613 indices
2977 3570 3087 3614 ar-

422 3646 717 3728 gumenti
763 3666 988 3710 earum
1008 3696 1022 3724 ,
1072 3647 1183 3727 qui
1228 3648 1584 3711 summaria
1630 3646 1739 3709 vel
1786 3645 2006 3720 etiam,
2058 3645 2211 3726 quia
2258 3645 2431 3724 olim,
2479 3645 2578 3711 uti
2622 3644 3087 3729 inscriptiones

602 3794 621 3828 ¹
658 3793 745 3846 Ita
782 3795 1090 3860 HuyucchO,
1141 3792 1199 3845 in
1248 3809 1347 3845 sua
1386 3792 1605 3845 Summa
1642 3792 1863 3846 Decreti
1912 3793 1980 3845 ad
2032 3811 2076 3846 c.
2115 3795 2339 3846 Duobus
2383 3796 2568 3846 modis,
2618 3795 2704 3847 51.
2759 3794 2817 3847 C.
2857 3794 3086 3849 XXVII.

422 3891 512 3942 qu.
552 3874 632 3937 2.,
681 3873 898 3926 dicens:
957 3873 1155 3938 „Palea
1193 3875 1307 3936 est,
1360 3873 1458 3926 sed
1494 3872 1679 3926 utilior
1717 3890 1881 3941 quam
1918 3875 2197 3940 granum.“
2280 3874 2466 3944 (Apud
2505 3876 2661 3926 Sarti
2696 3874 2732 3928 l.
2773 3893 2819 3928 c.
2872 3879 3000 3929 tom.
3042 3876 3085 3929 Ι.

423 3957 561 4023 part.
605 3955 651 4007 1.
690 3972 740 4023 p.
781 3953 902 4007 281.
942 3953 974 4019 ἓ
1017 3954 1088 4019 1.)
1309 3954 1330 3987 ²
1370 3955 1525 4006 Sarti
1560 3952 1596 4005 l.
1636 3970 1681 4005 c.
1722 3971 1772 4022 p.
1813 3954 1934 4007 248.
1974 3953 2006 4019 ἕ
2042 3953 2130 4007 48.

603 4034 623 4067 ⁸
660 4033 744 4086 Ita
794 4051 848 4085 v.
888 4050 940 4100 g.
978 4034 1269 4087 Decretum
1322 4033 1390 4086 ab
1437 4034 1666 4086 Aemilio
1719 4035 1991 4086 Ludov‘e‘co
2028 4035 2249 4086 Richter
2297 4033 2353 4085 in
2405 4037 2560 4104 parte
2597 4036 2637 4087 I.
2691 4034 2945 4105 Corporis
2976 4035 3087 4106 jur.

422 4132 541 4167 can.
592 4113 738 4182 Lips.
781 4114 917 4167 1839
974 4112 1179 4166 editum
1221 4114 1322 4167 164
1360 4113 1557 4166 Paleas
1609 4112 1845 4175 adducit,
1893 4114 2099 4167 editum
2150 4116 2335 4167 autem
2385 4115 2453 4167 ab
2505 4117 2736 4168 Aemilio
2788 4118 3089 4183 Friedbery

421 4213 479 4247 ¹¹¹
513 4193 1504 4342 ΡὟᾍΕῶοἱὲἳξῗῇέῗωὲἣζηὲὲῗ
1511 4193 1863 4326 ..ᾦῖἷὲηῗξ
1887 4193 2126 4327 .Ξῖἒῖἰῖ
2150 4193 2378 4364 Ρῗζῖἰῗῗ.
2402 4196 2642 4327 ὗῗῖμηε.
2672 4275 2952 4343 columna,
2991 4293 3087 4329 Β.

419 4354 566 4408 tione
603 4354 805 4417 ItaluS,
857 4353 1089 4423 scriptor
1140 4370 1282 4405 saec.
1321 4353 1491 4415 XIV„
1543 4353 1599 4406 in
1651 4371 1748 4406 suo
1787 4371 1979 4423 opere:
2045 4353 2154 4418 „De
2190 4353 2327 4406 viris
2364 4353 2698 4418 iHustribuS,
2754 4355 2990 4410 ethnicis
3030 4359 3088 4409 et

423 4433 764 4487 christianis“
774 4476 787 4498 ,
814 4437 870 4486 et
895 4451 965 4486 ex
989 4433 1083 4486 illo
1110 4433 1266 4485 Sarti
1289 4431 1325 4485 l.
1353 4450 1398 4486 c.
1426 4436 1554 4486 tom.
1581 4434 1620 4486 Ι.
1650 4436 1790 4502 part.
1821 4435 1867 4486 1.
1906 4451 1957 4503 p.
1985 4434 2107 4486 262.
2135 4433 2167 4499 ἓ
2194 4435 2243 4487 9.
2286 4433 2394 4487 cfr.
2422 4436 2648 4502 Denifle,
2674 4397 2776 4487 Die
2802 4435 3087 4489 Universi-

422 4516 575 4565 taten
601 4514 695 4567 des
720 4513 1087 4566 Mittelalters.
1126 4513 1301 4565 Berol.
1332 4513 1485 4576 1885,
1511 4531 1562 4582 p.
1592 4514 1712 4567 315.
1741 4530 1821 4580 sq.
1847 4516 1959 4567 not.
1989 4513 2109 4567 391.
2365 4516 2385 4548 ⁵
2424 4515 2580 4567 Sao-ti
2603 4514 2638 4568 l.
2667 4532 2712 4567 c.
2741 4532 2792 4583 p.
2821 4515 2945 4569 262.
2973 4516 3004 4582 ἓ
3033 4518 3085 4570 9.

607 4592 628 4626 ⁶
663 4593 901 4647 Lexicon
939 4593 1069 4646 eccl.
1107 4591 1354 4659 Friburg.
1394 4593 1640 4660 Friburg.
1681 4593 1860 4659 Brisg.
1904 4593 2039 4647 1847
2080 4611 2217 4661 sqq„
2256 4596 2385 4646 tom.
2425 4593 2570 4647 VIII.
2610 4612 2660 4663 p.
2702 4595 2824 4647 622.
2865 4612 2949 4664 sq.

605 4684 626 4718 '¹
662 4684 929 4751 Maassen,
968 4681 1327 4750 Paucapalea,
1366 4681 1422 4734 in
1459 4682 1574 4735 citt.
1613 4682 1796 4736 relatt.
1836 4700 1970 4735 sess
2010 4685 2139 4735 tom.
2178 4681 2375 4734 XXXI.
2415 4700 2465 4751 p.
2504 4682 2626 4736 482.
2649 4700 2769 4750 sqq.
2789 4703 2800 4745 ;
2853 4685 3087 4754 Sebaste,

423 4761 523 4815 Die
562 4761 888 4817 Geschichte
927 4764 1021 4816 der
1060 4763 1302 4827 Quellen,
1340 4766 1470 4816 tom.
1509 4764 1549 4817 Ι.
1590 4781 1640 4832 p.
1683 4763 1768 4816 53.
1791 4780 1909 4830 sqq.
1928 4783 1940 4826 3
1981 4764 2277 4830 Friedbery
2313 4761 2369 4814 in
2407 4762 2522 4815 citt.
2562 4762 2806 4833 prolegg.
2847 4765 2949 4818 col.
2986 4764 3087 4819 IX.
