3355 5328
1423 315 1600 385 Caput
1637 316 1679 369 I.
1732 316 1764 382 ξ
1805 317 1924 369 155.
2906 318 3012 372 225

532 475 736 551 Quem
800 475 1145 562 ambitum?
1185 479 1429 562 Corpus
1475 479 1657 561 juris
1719 481 2009 543 canonici
2072 477 2342 544 retinuit
2402 500 2607 561 usque
2672 481 2757 545 ad
2819 502 3014 565 prae-

354 593 504 637 sens
550 576 831 657 tempus».

530 671 763 754 Neque
831 676 1056 737 tamen
1116 672 1494 756 praedictae
1560 673 1976 739 collectiones
2039 673 2204 758 juris
2275 674 2567 740 canonici
2637 676 2865 742 statim
2929 678 3011 741 ab

352 767 539 834 initio
587 771 706 835 sub
755 770 1084 836 communi
1128 770 1360 835 titulo:
1422 771 1666 856 Corpus
1699 774 1880 855 juris
1927 775 2215 837 canonici
2260 771 2831 856 imprimebantur,
2880 775 3015 854 sed,

354 870 678 947 quatenus
739 888 885 932 cum
950 871 1157 952 textu
1204 868 1405 933 etiam
1461 872 1737 954 ylo-§sam
1785 867 2245 948 continebant,
2311 871 2694 954 plerumque
2741 874 3015 958 quinque

353 967 534 1030 tomis
592 964 953 1048 impressae
1024 969 1177 1031 sunt
1196 1016 1210 1043 ,
1280 986 1554 1047 quorum
1604 969 1863 1051 primus
1924 966 2217 1033 continet
2275 969 2631 1034 Decretum
2694 970 3012 1048 Gratiani,

352 1065 667 1128 secundus
712 1064 1094 1129 Decretales
1143 1063 1443 1145 Gregorii
1487 1064 1711 1147 Papae
1758 1064 1891 1143 IX.,
1939 1068 2161 1130 tertius
2206 1065 2473 1132 Librum
2509 1066 2782 1133 Sextum
2813 1068 3013 1132 Boni-

344 1159 508 1252 ·facii
537 1161 757 1244 Papae
789 1162 988 1239 VIII.,
1023 1171 1290 1248 quartus
1322 1162 1762 1227 Clementinas
1795 1165 1862 1227 et
1894 1166 2153 1249 quintus
2184 1163 2439 1245 Viginti
2470 1165 3013 1247 Extravagantes

351 1258 395 1322 J
397 1258 627 1323 oannis
658 1259 878 1343 Papae
909 1260 1115 1325 XXII.
1166 1263 1365 1341 atque
1395 1260 1937 1341 Extravagantes
1986 1281 2379 1339 communeS,
2431 1283 2834 1345 quorumque
2880 1263 3013 1328 sin-

353 1356 488 1438 guli
547 1357 943 1440 peculiarem
1003 1358 1268 1423 titulum
1327 1360 1570 1440 gerunt
1629 1358 1985 1422 secundum
2040 1358 2523 1438 collectionem,
2589 1381 2784 1442 quam
2830 1365 3013 1427 recte

353 1454 710 1521 continent.
789 1456 880 1520 Et
923 1455 994 1520 hi
1041 1456 1322 1537 quinque
1368 1455 1531 1520 tomi
1577 1456 1961 1538 plerumque
2008 1455 2076 1519 in
2122 1456 2327 1521 tribus
2372 1461 2794 1525 voluminibus
2837 1481 3015 1524 com·—

351 1552 531 1636 pacti
590 1556 779 1630 sunt,
850 1574 1123 1635 quorum
1172 1556 1463 1638 primum
1523 1553 1791 1619 exhibet
1849 1554 2204 1619 Decretum
2269 1554 2600 1633 Gratiani,
2668 1559 3013 1622 secundum

352 1650 738 1716 Decretales
802 1650 1102 1732 Gregorii
1161 1651 1381 1735 Papae
1427 1652 1538 1717 IX.
1602 1672 1681 1716 ac
1740 1654 1996 1716 tertium
2053 1651 2321 1716 Librum
2373 1653 2646 1719 Sextum
2692 1654 3016 1720 Bonifacii

352 1748 574 1831 Papae
621 1748 821 1826 VIII.,
871 1748 1329 1826 ClementinaS,
1378 1748 1634 1830 Viginti
1669 1749 2215 1830 Extravagantes
2246 1750 2467 1833 Papae
2499 1753 2542 1817 J
2546 1752 2775 1817 oannis
2806 1754 3011 1819 XXII.

353 1848 423 1911 et
464 1847 1004 1927 Extravagantes
1051 1867 1425 1912 communes
1443 1896 1457 1925 ,
1522 1867 1874 1929 eorumque
1920 1847 2180 1929 singula
2225 1849 2538 1931 peculiari
2586 1849 3009 1934 inscriptione

353 1943 668 2025 insignita
727 1948 913 2023 sunt,
974 1943 1283 2011 videlicet
1343 1945 1697 2009 secundum
1759 1945 2177 2010 collectiones
2196 1996 2210 2023 ,
2275 1967 2437 2027 quas
2486 1947 2824 2014 continent
2843 2000 2856 2027 ,
2919 1948 3017 2015 ita

352 2044 578 2107 tamen
596 2091 610 2118 ,
659 2045 733 2107 ut
778 2046 1061 2107 volumen
1109 2046 1362 2108 tertium
1406 2043 1583 2107 haud
1628 2065 1780 2108 raro
1834 2043 2237 2108 solummodo
2285 2043 2778 2128 inscriptionem
2822 2046 3014 2111 Libra·

355 2141 531 2205 Sexti
576 2143 770 2221 gerat
797 2137 839 2205 ¹.
926 2140 1002 2204 Id
1049 2141 1221 2222 quod
1266 2140 1651 2206 nominatim
1699 2139 1898 2206 etiam
1945 2139 2013 2203 in
2060 2140 2344 2205 editione
2392 2142 2691 2207 Romana
2737 2144 3015 2209 authen-

353 2236 487 2302 tica
534 2258 593 2302 a.
648 2239 817 2302 1582
865 2239 1077 2303 locum
1124 2239 1343 2304 habet.

532 2344 850 2410 Attamen
896 2349 1077 2411 certe
1116 2346 1254 2428 jam
1302 2366 1472 2410 saec.
1520 2345 1728 2410 XVII.
1778 2344 2123 2429 praefatae
2183 2345 2602 2412 collectiones
2662 2349 2782 2413 sub
2838 2369 3015 2414 com-

354 2442 533 2506 muni
563 2443 792 2508 titulo:
845 2444 1087 2528 Corpus
1119 2446 1299 2527 juris
1345 2445 1635 2509 canonici
1667 2442 1950 2525 quinque
1980 2442 2178 2508 tomis
2210 2446 2279 2508 et
2319 2443 2531 2508 tribus
2577 2446 3015 2512 voluminibus

351 2540 637 2624 imprimi
685 2545 753 2607 et
812 2542 1071 2630 singula
1117 2542 1279 2606 haec
1324 2541 1658 2606 volumina
1718 2545 2035 2623 tanquam
2070 2550 2296 2626 partes
2343 2541 2646 2626 Corporis
2686 2544 2854 2628 juris
2906 2567 3015 2610 ca-

355 2638 570 2705 nonici
618 2638 952 2722 designari
998 2643 1484 2706 consueverunt
1510 2636 1554 2706 ².

530 2738 622 2803 Et
666 2739 791 2803 hoc
838 2738 1098 2820 quidem
1145 2759 1223 2804 eo
1270 2738 1483 2821 magis
1528 2738 1780 2803 factum
1843 2741 1946 2803 est
1991 2736 2059 2801 in
2105 2737 2233 2801 illis
2279 2738 2514 2803 harum
2561 2741 3016 2807 collectionum

352 2948 544 3012 nostri,
585 2949 762 3017 Seaeto,
806 2949 1146 3002 Clementini-s
1184 2950 1240 3001 et
1263 2949 1781 3017 Extravaqantibus,
1819 2950 1882 3001 ut
1917 2947 2239 3018 praefertur,
2279 2948 2344 3002 de
2370 2951 2551 3002 cetero
2576 2965 2674 3017 per
2700 2949 3018 3003 decennium

356 3046 390 3081 a
427 3030 555 3082 data
592 3029 962 3098 praesentium
1000 3029 1100 3082 sub
1139 3028 1335 3097 quovis
1371 3028 1532 3082 titulo
1571 3028 1702 3082 alibi
1740 3046 1905 3096 quam
1941 3028 1997 3081 in
2036 3028 2183 3081 Urbe
2220 3031 2407 3082 nostma
2423 3070 2436 3092 ,
2490 3030 2547 3081 et
2582 3027 2640 3081 in
2677 3029 2866 3082 eadem
2903 3030 3017 3084 offi-

356 3109 478 3163 cina
514 3109 865 3179 impressoria
904 3108 1036 3163 dicti
1072 3109 1257 3179 populi
1295 3108 1525 3162 Romani
1541 3151 1554 3173 ,
1599 3112 1656 3162 et
1691 3108 1777 3173 iis,
1816 3108 2013 3178 quibus
2051 3109 2119 3162 ab
2158 3108 2346 3161 eodem
2382 3108 2579 3179 populo
2615 3109 2857 3163 Romano
2898 3152 2909 3164 .
2951 3153 2961 3164 .
3005 3152 3016 3164 .

354 3192 469 3243 tam
505 3189 564 3242 in
599 3190 759 3243 Italia
798 3207 961 3258 quam
999 3193 1156 3243 extra
1194 3189 1410 3243 Italiam
1460 3189 1690 3243 ubilibet
1738 3189 1975 3243 facultas
2028 3191 2085 3242 et
2133 3188 2355 3242 licentia
2405 3207 2502 3259 per
2558 3189 2763 3242 dictum
2798 3192 3015 3261 tempus

357 3270 588 3339 desuper
625 3287 883 3324 concessa
919 3269 1116 3335 fuerit,
1157 3312 1169 3324 .
1211 3311 1222 3323 .
1264 3311 1276 3324 .
1315 3269 1640 3340 impressum
1679 3273 1735 3323 et
1769 3269 2184 3340 imprimendum
2220 3272 2423 3333 tenere,
2467 3269 2720 3333 vendere,
2759 3271 2888 3324 dare
2927 3271 3015 3324 do-

354 3368 486 3403 nare
523 3350 614 3403 vel
653 3350 790 3404 alias
829 3349 1230 3419 quomodolibet
1264 3349 1464 3403 habere
1488 3349 1579 3403 vel
1604 3350 1932 3413 transferre3
1970 3366 2147 3418 neque
2173 3349 2338 3403 etiam
2375 3347 2481 3418 ipsi
2518 3349 2724 3416 absque
2756 3367 3017 3419 expressa

357 3430 522 3484 etiam
573 3430 629 3483 in
681 3430 902 3500 scriptis
951 3430 1174 3485 licentia
1226 3430 1469 3500 ejusdem
1519 3431 1705 3500 populi
1750 3429 1981 3484 Romani
2019 3471 2031 3482 .
2073 3471 2085 3483 .
2127 3471 2138 3482 .
2194 3429 2398 3482 dictum
2437 3427 2687 3482 Gratiani
2724 3429 3016 3482 Decretum

357 3529 479 3564 cum
516 3510 652 3580 ipsis
690 3510 1130 3564 annotationibus
1147 3552 1159 3574 ‚
1207 3514 1263 3563 et
1299 3510 1442 3564 idem
1481 3528 1603 3564 cum
1641 3510 1859 3578 glossis,
1904 3512 2160 3577 Greyorv’i
2196 3512 2316 3577 IX„
2354 3508 2789 3578 praedecessoris
2825 3508 3016 3574 nostri,

356 3592 740 3660 DecretalibuS,
780 3592 940 3644 Sexto
954 3632 971 3660 ,
1014 3592 1354 3644 Clementini-9
1391 3594 1447 3646 et
1481 3593 1983 3660 Eaetravayantibus
1995 3631 2011 3659 ,
2062 3592 2126 3642 ut
2163 3588 2366 3642 dictum
2404 3591 2504 3654 est,
2543 3588 2856 3658 imprimere
2896 3587 2912 3642 .’
2949 3631 2961 3643 .
3004 3631 3015 3643 .

357 3671 596 3724 audeant
633 3689 731 3724 seu
768 3675 1148 3741 praesumant:
1200 3671 1279 3724 ita
1331 3672 1476 3740 quod
1513 3671 1677 3726 etiam
1716 3670 1853 3724 nulli
1891 3669 2106 3724 omnino
2157 3669 2434 3722 hominum
2474 3711 2485 3723 .
2527 3711 2538 3723 .
2580 3710 2592 3722 .
2633 3669 2798 3723 liceat
2833 3669 3017 3740 hujus-

356 3751 503 3804 modi
538 3751 694 3805 libris
732 3750 864 3805 dicti
905 3754 1064 3805 Juris
1106 3752 1369 3804 Canonici
1405 3751 1485 3805 sic
1501 3793 1514 3816 ,
1570 3754 1634 3805 ut
1668 3752 1976 3821 praefertur
1992 3793 2004 3815 ,
2058 3751 2124 3803 de
2162 3750 2417 3803 mandato
2468 3752 2652 3802 nostro
2705 3749 3017 3818 recognitis»,

357 3831 616 3884 correctis
668 3834 724 3884 et
775 3831 1094 3900 expurgatis
1147 3830 1439 3899 quicquam
1489 3831 1690 3885 addere
1705 3873 1718 3895 ,
1773 3830 2057 3884 detrahere
2108 3830 2198 3882 vel
2254 3829 2543 3883 immutare
2595 3833 2691 3883 aut
2726 3829 3017 3895 invertere,

355 3911 578 3964 nullave
613 3911 1099 3980 interpretamenta
1136 3911 1433 3981 adjungere
1454 3953 1467 3975 ,
1524 3912 1620 3964 sed
1657 3913 1820 3980 prout
1856 3928 1990 3981 opus
2028 3908 2338 3979 hujusmodi
2373 3927 2516 3962 nunc
2552 3910 2757 3964 Romae
2792 3910 3017 3980 impres-

358 4007 478 4043 sum
516 3990 639 4055 fuit,
679 4008 892 4060 semper
930 3993 986 4044 et
1022 3994 1282 4060 perpetuo
1317 3991 1592 4057 integrum
1631 3995 1688 4044 et
1725 3990 2096 4061 incorruptum
2134 3993 2503 4054 conservetur,
2548 3990 2857 4055 statuimuS,
2896 4009 3018 4053 san-

359 4069 533 4123 cimus
573 4073 628 4124 et
665 4070 1026 4126 ordinamuS.“

538 4153 558 4188 ¹
596 4152 816 4220 Bickell,
856 4151 1036 4204 Ueber
1075 4151 1161 4206 die
1185 4150 1534 4217 Entstehung
1570 4151 1680 4205 und
1719 4151 1822 4204 den
1858 4151 2120 4217 heutigen
2146 4149 2435 4204 Gebrauch
2472 4150 2567 4203 der
2603 4148 2798 4203 beiden
2822 4149 3019 4204 Extra-

357 4230 1018 4298 vagantensammlungen
1056 4232 1151 4284 des
1191 4231 1346 4300 Corp.
1381 4230 1486 4300 jur.
1526 4247 1661 4294 can„
1699 4248 1751 4299 p.
1793 4230 1877 4284 87.

540 4311 559 4344 ²
595 4311 657 4364 Id
694 4312 900 4365 factum
949 4329 1069 4365 esse
1122 4310 1457 4378 dignoscitur
1493 4309 1813 4364 nominatim
1849 4310 1906 4363 in
1944 4309 2177 4363 editione
2214 4309 2408 4363 harum
2460 4308 2838 4363 collectionum
2875 4310 3018 4377 glos-

358 4394 497 4456 sata,
538 4409 675 4460 quae
711 4391 912 4462 prodiit
935 4394 1196 4459 Luqduni
1233 4409 1281 4445 a.
1313 4392 1446 4444 1671
1489 4390 1795 4460 sumptibus
1824 4393 1985 4445 Joan.
2028 4393 2156 4443 Ant.
2195 4392 2487 4457 Huyuetan
2525 4393 2581 4444 et
2612 4392 2757 4443 Guil.
2783 4392 3019 4444 Barbier

357 4470 417 4524 in
453 4470 691 4541 quinque
726 4471 892 4526 tomis
929 4475 986 4526 et
1021 4472 1195 4525 tribus
1229 4472 1588 4524 voluminibus
1605 4512 1622 4541 ,
1674 4489 1904 4540 quorum
1930 4475 2195 4539 primum,
2234 4470 2516 4523 continens
2553 4470 2846 4524 Decretum
2885 4470 3017 4524 Gra-

357 4550 495 4604 tiani
515 4594 528 4616 ,
584 4548 908 4623 inscriptum
960 4555 1072 4606 est:
1135 4553 1343 4620 Corpus
1385 4555 1540 4619 juris
1578 4556 1841 4606 canonici.
1918 4555 2058 4605 Pars
2083 4554 2276 4620 prima
2287 4570 2311 4617 ;
2359 4554 2648 4603 secundum
2666 4591 2682 4620 ,
2736 4550 3019 4605 continens

357 4631 674 4687 Decretales
701 4632 964 4700 Gregorii
1000 4632 1185 4702 Papae
1223 4632 1346 4686 IX.:
1408 4634 1618 4701 Corpus
1654 4635 1810 4700 juris
1857 4636 2118 4685 canonici.
2197 4633 2337 4684 Pars
2372 4633 2605 4684 secunda
2612 4651 2637 4698 ,·
2692 4634 2748 4685 et
2784 4635 3017 4701 testium,

359 4712 622 4766 exhibens
662 4713 883 4767 Librum
920 4713 1148 4767 Sextum
1186 4712 1454 4766 Bonifacii
1491 4712 1675 4782 Papae
1713 4713 1858 4766 VIII.
1912 4716 1969 4766 et
2004 4711 2245 4780 reliqua:
2303 4712 2510 4779 Corpus
2547 4713 2702 4778 juris
2752 4716 3016 4765 canonici.

361 4794 503 4847 Pars
539 4797 716 4847 teriia.

463 4890 701 4936 Laurin,
738 4892 914 4939 Corpus
937 4892 1033 4939 jur.
1061 4901 1160 4931 can.
2537 4885 2601 4933 15
