3355 5328
1374 323 1550 394 Caput
1585 325 1653 379 II.
1710 325 1743 391 ξ
1784 327 1866 380 10.
2868 327 2935 380 13

460 483 638 560 Quae
687 484 862 551 dicta
909 486 1206 552 Gratiani
1251 486 1320 551 in
1366 487 1757 553 editionibus
1802 487 2068 553 Decreti
2114 486 2605 565 recentioribus
2653 487 2804 552 inde
2851 488 2933 552 ab

282 600 388 658 ea,
457 602 624 662 quae
677 584 864 666 jussu
924 588 993 650 et
1049 584 1446 651 auctoritate
1492 586 1715 669 Papae
1762 585 2063 666 Gregorii
2107 585 2283 650 XIII.
2347 606 2405 651 a.
2460 586 2628 649 1582
2693 584 2935 667 prodiit

278 677 550 757 Romae,
598 680 771 759 aljis,
822 685 890 747 et
937 681 1196 764 quidem
1240 683 1616 761 minoribuS,
1663 683 2007 748 literarum
2053 682 2539 748 characteribus
2587 704 2783 764 quam
2828 703 2934 747 re-

278 775 494 857 liquus
516 779 791 844 ‘Decreti
835 783 1064 846 textus
1109 781 1431 864 impressa
1474 785 1647 848 sunt.
1712 782 1790 845 In
1821 781 2209 847 editionibus
2240 781 2506 846 Decreti
2550 781 2934 862 antiquiori-

277 874 399 939 bus
445 879 668 941 autem
714 881 783 942 et
836 877 903 942 in
949 879 1277 944 codicibus
1338 880 1478 962 ejus
1520 879 1981 962 manuscriptis
2045 878 2277 944 iisdem
2332 899 2409 943 ac
2468 877 2755 960 reliquus
2800 880 2935 944 De-

280 972 444 1037 creti
490 977 718 1039 textus
763 975 1104 1041 literarum
1153 977 1641 1043 characteribus
1688 977 2100 1042 exhibentur.

455 1071 660 1137 Porro
709 1075 937 1138 eadem
984 1074 1160 1141 dicta
1205 1075 1273 1139 in
1319 1075 1710 1141 editionibus
1741 1075 2007 1140 Decreti
2047 1073 2521 1139 recentioribus
2550 1074 2933 1157 plerumque

278 1169 360 1233 ab
406 1168 594 1236 initio
639 1192 782 1237 voc.
817 1174 1196 1257 Gratianu3‚
1243 1174 1352 1238 vel
1384 1175 1590 1258 Grat„
1638 1174 1748 1238 vel
1781 1176 1927 1239 dict.
1964 1174 2148 1239 Grat.
2185 1172 2448 1254 signata
2477 1176 2649 1238 sunt.
2713 1171 2933 1248 Quan-

279 1266 489 1348 doque
536 1272 760 1334 tamen
807 1270 1008 1336 etiam
1054 1272 1300 1353 absque
1345 1272 1480 1337 ulla
1526 1270 1894 1355 hujusmodi
1939 1270 2312 1353 signatione
2355 1270 2573 1354 posita
2618 1273 2771 1335 sunt
2799 1269 2841 1335 ¹.

453 1365 824 1432 Nonnullae
870 1373 1262 1453 quaestiones
1309 1391 1346 1434 e
1393 1369 1548 1434 solis
1597 1368 1789 1434 dictis
1824 1369 2125 1434 Gratiani
2172 1372 2516 1444 constant;
2567 1368 2737 1450 quod
2782 1367 2933 1431 inde

272 1463 478 1540 venit,
529 1465 681 1546 quia
713 1466 1068 1532 Gratianus
1115 1468 1197 1532 ad
1245 1468 1628 1532 solvendum
1655 1468 1902 1545 thema,
1950 1466 2040 1531 ibi
2070 1466 2496 1550 propositum,
2546 1465 2703 1530 solis
2734 1487 2932 1547 argu-

276 1561 520 1626 mentis
564 1563 838 1630 internis
884 1587 1041 1630 usus
1089 1569 1192 1631 est
1213 1561 1257 1631 ².

456 1659 658 1726 Citari
704 1662 881 1727 dicta
928 1663 1228 1729 Gratiani
1273 1687 1444 1729 nunc
1475 1663 1907 1728 communiter
1951 1663 2047 1728 ita
2078 1663 2312 1739 solent,
2360 1665 2435 1726 ut
2463 1661 2933 1744 praemittatur

274 1778 418 1823 voc.
456 1759 641 1824 Grac.
688 1760 799 1824 vel
832 1763 977 1826 dict.
1014 1762 1222 1846 Grat„
1271 1764 1340 1827 et
1372 1761 1603 1826 deinde
1635 1761 1794 1826 illud
1827 1760 2073 1826 dictum
2106 1759 2405 1825 Gratiani
2434 1779 2555 1842 per
2585 1761 2930 1824 distinctio-

275 1878 437 1938 nem,
487 1857 597 1920 vel
641 1878 902 1923 causam
947 1862 1016 1924 et
1064 1863 1504 1945 quaestionem,
1552 1859 1619 1923 in
1666 1880 1796 1940 qua
1842 1858 2144 1936 occurrit,
2194 1857 2669 1923 determinetur
2690 1854 2734 1922 ³.

454 1953 664 2030 Quum
709 1959 930 2021 autem
976 1956 1068 2021 illi
1117 1957 1290 2023 dicto
1324 1957 1623 2023 Gratiani
1669 1956 2000 2022 antecedit
2046 1955 2281 2038 aliquis
2312 1977 2534 2037 canon,
2583 1958 2741 2020 tunc
2771 1955 2930 2019 illud

275 2051 522 2117 dictum
568 2053 769 2118 etiam
821 2075 942 2138 per
999 2056 1170 2120 hunc
1225 2075 1542 2120 canonem
1603 2054 2079 2120 determinatur
2097 2103 2112 2133 ,
2175 2057 2243 2119 et
2299 2053 2559 2135 quidem
2618 2053 2726 2117 vel
2783 2073 2931 2117 cum

271 2150 759 2233 praepositione
770 2161 937 2237 post,
962 2153 1070 2217 vel
1093 2174 1252 2218 vero
1277 2175 1425 2218 cum
1446 2152 1931 2237 praepositione
1958 2154 2064 2217 ad.
2121 2152 2212 2216 Et
2228 2150 2627 2234 praepositio
2662 2153 2751 2215 ad
2774 2154 2930 2216 tunc

274 2247 622 2314 adhibetur
638 2300 652 2327 ,
716 2271 914 2331 quum
960 2251 1119 2316 illud
1168 2251 1412 2317 dictum
1461 2251 1763 2316 Gratiani
1822 2272 1969 2315 cum
2030 2269 2278 2314 canone
2343 2250 2773 2314 antecedente
2820 2269 2929 2313 co-

274 2347 508 2412 haeret
552 2368 728 2413 nexu
774 2352 1022 2414 interno
1070 2348 1308 2432 (reali),
1356 2372 1420 2415 v.
1470 2371 1533 2431 g.
1583 2353 1902 2430 tanquam
1950 2348 2090 2431 ejus
2122 2346 2549 2424 confirmatiO,
2596 2347 2706 2411 vel
2750 2345 2929 2410 refu-

271 2445 462 2521 tatio,
510 2445 621 2510 vel
664 2449 980 2528 tanquam
1019 2447 1227 2514 illatio
1276 2469 1360 2512 ex
1393 2468 1469 2512 eo
1501 2446 1732 2531 petita,
1783 2454 1967 2531 atque
2013 2466 2211 2527 quum
2257 2446 2342 2509 ad
2385 2444 2568 2508 illum
2615 2464 2929 2508 canonem

273 2546 533 2608 unicum
580 2547 649 2609 et
693 2565 823 2609 non
869 2546 955 2611 ad
998 2547 1221 2629 plures
1267 2546 1459 2610 simul
1503 2544 1795 2628 pertinet
1818 2543 1864 2610 ⁴.
1956 2544 2033 2607 In
2078 2542 2347 2624 reliquis
2393 2542 2649 2607 casibus
2668 2592 2682 2620 ‚
2732 2563 2929 2623 quum

272 2640 583 2708 videlicet
629 2642 874 2709 dictum
909 2645 1209 2710 Gratiani
1256 2645 1339 2710 ad
1386 2664 1703 2710 canonem
1751 2642 2248 2709 antecedentem
2293 2644 2602 2707 versatur
2635 2644 2928 2707 tantum-

271 2741 466 2805 modo
513 2741 582 2805 in
626 2763 802 2807 nexu
848 2753 1099 2809 externo
1145 2743 1390 2826 (locali)
1434 2744 1543 2808 vel
1584 2743 1654 2807 in
1691 2762 1866 2806 nexu
1898 2741 2158 2824 quidem
2188 2744 2436 2806 interno
2467 2738 2703 2821 (reali),
2753 2742 2931 2804 atta-

270 2859 421 2904 men
469 2861 599 2904 non
646 2841 729 2905 ad
789 2840 971 2905 illum
1035 2863 1350 2907 canonem
1396 2841 1685 2919 unicum,
1748 2840 1862 2905 sed
1924 2840 2008 2904 ad
2065 2839 2287 2923 plures
2334 2859 2618 2903 canones
2664 2841 2929 2903 antece-

270 2937 506 3003 dentes
553 2937 746 3003 simul
789 2938 1099 3023 pertinet,
1151 2939 1496 3005 adhibetur
1540 2938 1939 3023 praepositio
1963 2945 2124 3022 *post
2142 2935 2187 3003 ⁵.

454 3035 525 3100 Si
584 3036 827 3102 dictum
876 3037 1173 3102 Gratiani
1221 3042 1324 3103 est
1369 3040 1616 3123 lonqius
1630 3089 1648 3121 ,
1713 3040 1780 3101 et
1839 3034 2242 3100 solummodo
2302 3034 2521 3116 aliqua
2581 3034 2720 3116 ejus
2771 3055 2929 3117 pars

268 3132 537 3198 citanda
585 3137 718 3211 est,
782 3156 866 3199 ex
912 3135 1132 3214 initi0,
1200 3136 1308 3200 vel
1356 3157 1392 3200 e
1437 3135 1650 3200 medio
1671 3186 1685 3213 ‚
1734 3134 1842 3199 vel
1890 3155 1925 3198 e
1972 3135 2119 3210 fine,
2170 3132 2584 3216 adponuntur
2630 3131 2928 3197 citationi

263 3232 542 3296 voculae
587 3235 749 3317 init„
798 3251 967 3317 resp.
1018 3237 1087 3299 in
1127 3235 1313 3318 med„
1362 3234 1469 3299 vel
1502 3237 1572 3299 in
1598 3234 1711 3317 fin.
1748 3233 1848 3313 (in
1876 3232 2016 3315 fa),
2065 3230 2162 3295 uti
2194 3252 2393 3314 supra
2440 3229 2529 3314 (p.
2567 3230 2657 3312 6.)
2707 3231 2786 3295 de
2834 3230 2926 3294 ci-

265 3329 523 3395 tatione
571 3354 882 3396 canomcm
928 3332 1196 3397 Decreti
1243 3332 1488 3397 dictum
1535 3335 1638 3397 est
1659 3328 1703 3397 ⁶.

449 3427 691 3504 Quodsi
749 3429 907 3494 illud
964 3429 1209 3495 dictum
1258 3430 1557 3495 Gratiani
1612 3428 1893 3494 divisum
1938 3431 2041 3493 est
2099 3427 2166 3491 in
2214 3429 2610 3512 principium
2656 3425 2809 3508 (pr.)
2858 3429 2927 3491 et

255 3528 716 3611 paraqraphos
763 3526 895 3609 (gg)
918 3577 932 3605 ,
994 3531 1152 3593 tunc
1211 3527 1278 3591 in
1335 3526 1705 3611 hujusmodi
1760 3525 2073 3591 citatione
2139 3526 2278 3608 ejus
2339 3525 2665 3604 allegatur
2722 3524 2925 3607 ipsius

255 3626 663 3709 principium
727 3625 881 3708 (pr.)
943 3626 1051 3690 vel
1106 3626 1220 3691 illa
1271 3627 1731 3711 paranymphus
1777 3623 1902 3706 (ἓ),
1933 3702 1939 3710 ⁴
1966 3627 2035 3688 et
2092 3623 2256 3688 haec
2316 3622 2575 3704 quidem
2623 3621 2763 3687 sive
2808 3643 2929 3705 per

270 3742 505 3787 vocem
534 3722 871 3800 initialem,
922 3722 1063 3788 sive
1096 3745 1215 3809 per
1244 3731 1586 3788 numerum
1617 3721 2026 3805 (arabicum),
2076 3721 2172 3786 uti
2203 3720 2454 3804 pariter
2485 3742 2683 3805 supra
2717 3719 2805 3804 (p.
2836 3721 2927 3802 6.)

268 3820 445 3885 circa
493 3820 871 3886 citationem
919 3843 1246 3887 canonum
1292 3822 1559 3887 Decreti
1605 3824 1906 3886 notatum
1939 3823 2057 3885 est
2083 3818 2125 3885 ⁷.

456 4008 474 4039 ¹
515 4004 624 4058 Cfr.
663 4023 716 4058 v.
756 4022 808 4072 g.
850 4004 976 4059 dict.
1018 4004 1169 4058 Grat.
1219 4003 1373 4057 initio
1410 4005 1475 4058 D.
1514 4004 1608 4056 III.
1652 4003 1915 4069 („Omnes
1965 4002 2068 4055 hae
2114 4000 2352 4071 species“
2410 3999 2571 4065 etc.);
2622 3997 2754 4051 item
2803 4000 2928 4067 post

270 4102 315 4138 c.
357 4085 408 4137 2.
445 4085 564 4137 ead.
611 4085 835 4153 („Porro
873 4102 1139 4138 canonum
1178 4084 1300 4137 alii“
1345 4085 1473 4149 etc.)
1525 4087 1690 4151 atque
1727 4086 1851 4152 post
1889 4100 1933 4136 c.
1974 4081 2023 4135 3.
2063 4081 2179 4135 ead.
2223 4079 2537 4146 („Officium
2573 4080 2732 4133 vero⁴⁴
2777 4080 2926 4144 etc.).

454 4167 476 4200 ²
514 4164 623 4218 cfr.
665 4165 722 4218 C.
760 4165 852 4219 XI.
894 4182 982 4233 qu.
1022 4166 1102 4228 2.;
1143 4164 1200 4218 C.
1237 4164 1412 4218 XVII.
1452 4181 1540 4232 qu.
1580 4164 1660 4227 3.;
1702 4163 1759 4216 C.
1798 4162 1968 4215 XXII.
2009 4179 2098 4230 qu.
2138 4162 2212 4226 3.;
2253 4161 2310 4215 C.
2348 4160 2546 4213 XXIX.
2586 4177 2673 4228 qu.
2717 4159 2763 4211 1.

454 4246 476 4281 ⁸
514 4245 579 4299 V.
608 4262 660 4311 g.
689 4245 816 4299 dict.
840 4245 991 4299 Grat.
1017 4244 1135 4298 init.
1156 4244 1220 4297 D.
1241 4244 1311 4308 I.;
1339 4243 1493 4297 Grat.
1519 4243 1636 4297 init.
1664 4261 1754 4311 qu.
1775 4243 1817 4296 I.
1846 4242 2173 4305 O.XXV11.;
2214 4241 2367 4295 Grat.
2392 4239 2449 4293 in
2475 4257 2563 4308 qu.
2591 4240 2640 4293 3.
2669 4239 2726 4293 C.
2753 4238 2926 4291 XVII.

452 4326 478 4360 ⁴
514 4324 632 4389 Qua
667 4324 876 4378 ratione
913 4324 1115 4379 citatur
1151 4343 1204 4378 v.
1243 4340 1296 4391 g.
1337 4324 1463 4378 dict.
1504 4323 1654 4378 Grat.
1694 4326 1768 4376 ad
1804 4341 1849 4377 c.
1881 4325 1927 4377 1.
1965 4323 2029 4376 D.
2069 4323 2140 4386 I.;
2179 4321 2305 4375 dict.
2346 4321 2496 4375 Grat.
2536 4322 2610 4373 ad
2646 4337 2691 4372 c.
2719 4320 2768 4372 5.
2808 4318 2925 4371 ead.

252 4445 258 4451 .
455 4408 475 4440 ⁵
512 4405 631 4458 Hac
680 4405 887 4459 ratione
938 4404 1140 4459 citatur
1191 4423 1245 4457 v.
1298 4421 1350 4471 g.
1405 4404 1530 4458 diet.
1580 4403 1734 4458 Grat.
1777 4411 1902 4471 post
1952 4420 1998 4457 c.
2037 4404 2087 4457 2.
2135 4402 2197 4455 D.
2251 4402 2382 4466 III.;
2436 4400 2561 4454 dict.
2612 4399 2763 4453 Grat.
2801 4407 2927 4466 post

269 4505 315 4541 c.
360 4487 443 4539 12.
484 4485 548 4539 D.
589 4486 649 4539 L.

453 4567 476 4602 ὅ
511 4566 578 4620 V.
617 4582 696 4632 g.:
742 4564 844 4619 hoc
881 4565 1182 4619 ostenditur
1226 4567 1345 4618 init.
1386 4564 1513 4618 dict.
1554 4564 1706 4618 Grat.
1744 4566 1869 4633 post
1918 4580 1964 4617 e.
2003 4564 2053 4617 2.
2091 4563 2155 4616 D.
2195 4562 2474 4625 XXXVI.;
2525 4563 2587 4614 in
2625 4562 2756 4613 med.
2798 4558 2924 4613 diet.

270 4648 426 4702 Grat.
467 4650 593 4716 post
628 4664 674 4699 c.
715 4646 764 4699 2.
802 4646 867 4699 D.
905 4645 1186 4709 XXXVI.;
1225 4648 1286 4698 in
1320 4648 1390 4711 fe.
1432 4644 1558 4699 dict.
1599 4644 1752 4698 Grat.
1790 4646 1913 4713 post
1951 4661 1995 4697 c.
2035 4644 2083 4697 2.
2122 4644 2188 4696 D.
2226 4642 2474 4696 XXXVI.

455 4730 476 4763 '¹
514 4727 633 4792 Qua
677 4725 886 4780 ratione
920 4725 1055 4790 loci,
1107 4743 1271 4795 supra
1312 4725 1444 4792 (not.
1485 4726 1560 4791 6.)
1616 4724 1859 4789 adducti,
1909 4723 1989 4777 ita
2039 4724 2303 4777 citantur:
2355 4723 2457 4775 hoc
2506 4720 2809 4775 ostenditur
2845 4738 2925 4789 pr.

269 4809 398 4863 dict.
441 4807 594 4861 Grat.
635 4809 762 4876 post
799 4824 844 4859 c.
872 4807 921 4860 2.
959 4807 1026 4860 D.
1066 4805 1341 4866 XXXVI.;
1379 4835 1449 4842 —-
1486 4805 1520 4871 ἓ
1557 4804 1700 4858 Hinc
1737 4804 1902 4858 etiam
1925 4803 2242 4858 Malachias.
2283 4803 2409 4857 dict.
2450 4802 2602 4857 Grat.
2641 4805 2764 4871 post
2802 4819 2846 4853 c.
2875 4800 2924 4853 2.
