<?xml version="1.0" encoding="UTF-8"?>
<!DOCTYPE html PUBLIC "-//W3C//DTD XHTML 1.0 Transitional//EN"
    "http://www.w3.org/TR/xhtml1/DTD/xhtml1-transitional.dtd">
<html xmlns="http://www.w3.org/1999/xhtml" xml:lang="en" lang="en">
 <head>
  <title>
</title>
<meta http-equiv="Content-Type" content="text/html;charset=utf-8" />
  <meta name='ocr-system' content='tesseract 3.04.00' />
  <meta name='ocr-capabilities' content='ocr_page ocr_carea ocr_par ocr_line ocrx_word'/>
</head>
<body>
  <div class='ocr_page' id='page_1' title='image "./introductioinco00laurgoog_0239.png"; bbox 0 0 3355 5328; ppageno 0'>
   <div class='ocr_carea' id='block_1_1' title="bbox 1369 318 2980 385">
    <p class='ocr_par' dir='ltr' id='par_1_1' title="bbox 1369 318 2980 385">
     <span class='ocr_line' id='line_1_1' title="bbox 1369 318 2980 385; baseline 0 -12"><span class='ocrx_word' id='word_1_1' title='bbox 1369 318 1547 373; x_wconf 90' lang='lat' dir='ltr'>Sectio</span> <span class='ocrx_word' id='word_1_2' title='bbox 1584 319 1681 373; x_wconf 90' lang='lat' dir='ltr'><em>VI.</em></span> <span class='ocrx_word' id='word_1_3' title='bbox 1734 319 1766 385; x_wconf 65' lang='grc' dir='ltr'>ἓ</span> <span class='ocrx_word' id='word_1_4' title='bbox 1809 319 1926 373; x_wconf 90' lang='grc'><strong>145.</strong></span> <span class='ocrx_word' id='word_1_5' title='bbox 2875 320 2980 374; x_wconf 87' lang='grc'>209</span> 
     </span>
    </p>
   </div>
   <div class='ocr_carea' id='block_1_2' title="bbox 315 477 3093 4285">
    <p class='ocr_par' dir='ltr' id='par_1_2' title="bbox 315 477 2981 665">
     <span class='ocr_line' id='line_1_2' title="bbox 316 477 2981 561; baseline -0.003 -8"><span class='ocrx_word' id='word_1_6' title='bbox 316 488 440 553; x_wconf 86' lang='lat' dir='ltr'>hac</span> <span class='ocrx_word' id='word_1_7' title='bbox 501 484 917 561; x_wconf 77' lang='lat' dir='ltr'>collectione,</span> <span class='ocrx_word' id='word_1_8' title='bbox 981 502 1102 546; x_wconf 93' lang='lat' dir='ltr'>nec</span> <span class='ocrx_word' id='word_1_9' title='bbox 1162 481 1230 544; x_wconf 94' lang='lat' dir='ltr'>in</span> <span class='ocrx_word' id='word_1_10' title='bbox 1289 480 1484 543; x_wconf 91' lang='lat' dir='ltr'>Libro</span> <span class='ocrx_word' id='word_1_11' title='bbox 1548 479 1751 544; x_wconf 91' lang='lat' dir='ltr'>Sexto</span> <span class='ocrx_word' id='word_1_12' title='bbox 1812 477 2101 543; x_wconf 76' lang='lat' dir='ltr'>insertae</span> <span class='ocrx_word' id='word_1_13' title='bbox 2161 478 2269 542; x_wconf 89' lang='lat' dir='ltr'>vel</span> <span class='ocrx_word' id='word_1_14' title='bbox 2329 482 2711 544; x_wconf 76' lang='lat' dir='ltr'>reservatae</span> <span class='ocrx_word' id='word_1_15' title='bbox 2772 485 2981 559; x_wconf 90' lang='lat' dir='ltr'>erant,</span> 
     </span>
     <span class='ocr_line' id='line_1_3' title="bbox 315 579 1504 665; baseline -0.008 -14"><span class='ocrx_word' id='word_1_16' title='bbox 315 589 542 651; x_wconf 88' lang='lat' dir='ltr'>tamen</span> <span class='ocrx_word' id='word_1_17' title='bbox 587 582 788 665; x_wconf 90' lang='lat' dir='ltr'>legali</span> <span class='ocrx_word' id='word_1_18' title='bbox 834 581 1061 646; x_wconf 89' lang='lat' dir='ltr'>valore</span> <span class='ocrx_word' id='word_1_19' title='bbox 1107 579 1504 661; x_wconf 87' lang='lat' dir='ltr'>gaudebant.</span> 
     </span>
    </p>

    <p class='ocr_par' dir='ltr' id='par_1_3' title="bbox 497 677 1289 763">
     <span class='ocr_line' id='line_1_4' title="bbox 497 677 1289 763; baseline -0.008 -16"><span class='ocrx_word' id='word_1_20' title='bbox 497 682 604 747; x_wconf 91' lang='lat' dir='ltr'>Ad</span> <span class='ocrx_word' id='word_1_21' title='bbox 650 701 814 762; x_wconf 88' lang='lat' dir='ltr'>quas</span> <span class='ocrx_word' id='word_1_22' title='bbox 868 677 1289 763; x_wconf 88' lang='lat' dir='ltr'>pertinebant</span> 
     </span>
    </p>

    <p class='ocr_par' dir='ltr' id='par_1_4' title="bbox 315 772 2985 1248">
     <span class='ocr_line' id='line_1_5' title="bbox 501 772 2985 857; baseline -0.003 -11"><span class='ocrx_word' id='word_1_23' title='bbox 501 783 558 846; x_wconf 92' lang='lat'><em>1.</em></span> <span class='ocrx_word' id='word_1_24' title='bbox 609 777 974 844; x_wconf 79' lang='lat' dir='ltr'>decretales</span> <span class='ocrx_word' id='word_1_25' title='bbox 1036 780 1104 842; x_wconf 91' lang='lat' dir='ltr'>et</span> <span class='ocrx_word' id='word_1_26' title='bbox 1165 773 1668 840; x_wconf 88' lang='lat' dir='ltr'>constitutiones</span> <span class='ocrx_word' id='word_1_27' title='bbox 1727 773 1950 856; x_wconf 90' lang='lat' dir='ltr'>Papae</span> <span class='ocrx_word' id='word_1_28' title='bbox 1997 772 2329 854; x_wconf 76' lang='lat' dir='ltr'>Bonifaeii</span> <span class='ocrx_word' id='word_1_29' title='bbox 2374 773 2554 838; x_wconf 90' lang='lat' dir='ltr'><em>VIII.</em></span> <span class='ocrx_word' id='word_1_30' title='bbox 2573 826 2591 857; x_wconf 90' lang='lat'>,</span> <span class='ocrx_word' id='word_1_31' title='bbox 2658 795 2819 855; x_wconf 91' lang='lat' dir='ltr'>quas</span> <span class='ocrx_word' id='word_1_32' title='bbox 2878 775 2985 839; x_wconf 91' lang='lat' dir='ltr'>hic</span> 
     </span>
     <span class='ocr_line' id='line_1_6' title="bbox 318 868 2984 961; baseline -0.002 -18"><span class='ocrx_word' id='word_1_33' title='bbox 318 881 475 943; x_wconf 89' lang='lat' dir='ltr'>ante</span> <span class='ocrx_word' id='word_1_34' title='bbox 533 875 1043 961; x_wconf 89' lang='lat' dir='ltr'>publicationem</span> <span class='ocrx_word' id='word_1_35' title='bbox 1089 872 1267 937; x_wconf 88' lang='lat' dir='ltr'>Libri</span> <span class='ocrx_word' id='word_1_36' title='bbox 1317 871 1534 948; x_wconf 86' lang='lat' dir='ltr'>Sexti,</span> <span class='ocrx_word' id='word_1_37' title='bbox 1603 871 1707 935; x_wconf 91' lang='lat' dir='ltr'>die</span> <span class='ocrx_word' id='word_1_38' title='bbox 1754 873 1814 935; x_wconf 86' lang='lat'><em>3.</em></span> <span class='ocrx_word' id='word_1_39' title='bbox 1865 871 2061 936; x_wconf 88' lang='lat' dir='ltr'>Mart.</span> <span class='ocrx_word' id='word_1_40' title='bbox 2117 871 2287 934; x_wconf 82' lang='lat'>1298</span> <span class='ocrx_word' id='word_1_41' title='bbox 2350 868 2631 949; x_wconf 86' lang='lat' dir='ltr'>factam,</span> <span class='ocrx_word' id='word_1_42' title='bbox 2692 872 2843 937; x_wconf 92' lang='lat' dir='ltr'>inde</span> <span class='ocrx_word' id='word_1_43' title='bbox 2902 875 2984 939; x_wconf 86' lang='lat' dir='ltr'>ab</span> 
     </span>
     <span class='ocr_line' id='line_1_7' title="bbox 315 968 2984 1049; baseline -0.002 -8"><span class='ocrx_word' id='word_1_44' title='bbox 315 975 504 1041; x_wconf 89' lang='lat' dir='ltr'>initio</span> <span class='ocrx_word' id='word_1_45' title='bbox 551 974 652 1039; x_wconf 89' lang='lat' dir='ltr'>sui</span> <span class='ocrx_word' id='word_1_46' title='bbox 696 972 1159 1049; x_wconf 80' lang='lat' dir='ltr'>PontificatuS,</span> <span class='ocrx_word' id='word_1_47' title='bbox 1220 969 1531 1035; x_wconf 88' lang='lat' dir='ltr'>videlicet</span> <span class='ocrx_word' id='word_1_48' title='bbox 1583 969 1735 1033; x_wconf 90' lang='lat' dir='ltr'>inde</span> <span class='ocrx_word' id='word_1_49' title='bbox 1784 989 1826 1033; x_wconf 90' lang='lat' dir='ltr'>a</span> <span class='ocrx_word' id='word_1_50' title='bbox 1872 968 1976 1033; x_wconf 90' lang='lat' dir='ltr'>die</span> <span class='ocrx_word' id='word_1_51' title='bbox 2025 970 2129 1033; x_wconf 84' lang='grc'><strong>24.</strong></span> <span class='ocrx_word' id='word_1_52' title='bbox 2179 968 2519 1035; x_wconf 93' lang='lat' dir='ltr'>Decembr.</span> <span class='ocrx_word' id='word_1_53' title='bbox 2577 973 2781 1048; x_wconf 83' lang='grc'><strong>1294,</strong></span> <span class='ocrx_word' id='word_1_54' title='bbox 2848 972 2984 1036; x_wconf 82' lang='lat' dir='ltr'>edi-</span> 
     </span>
     <span class='ocr_line' id='line_1_8' title="bbox 321 1066 2984 1155; baseline -0.002 -17"><span class='ocrx_word' id='word_1_55' title='bbox 321 1073 541 1150; x_wconf 84' lang='lat' dir='ltr'>derat3</span> <span class='ocrx_word' id='word_1_56' title='bbox 592 1071 830 1155; x_wconf 89' lang='lat' dir='ltr'>quippe</span> <span class='ocrx_word' id='word_1_57' title='bbox 878 1091 1041 1152; x_wconf 90' lang='lat' dir='ltr'>quas</span> <span class='ocrx_word' id='word_1_58' title='bbox 1087 1089 1208 1153; x_wconf 90' lang='lat' dir='ltr'>per</span> <span class='ocrx_word' id='word_1_59' title='bbox 1252 1066 1762 1152; x_wconf 89' lang='lat' dir='ltr'>publicationem</span> <span class='ocrx_word' id='word_1_60' title='bbox 1793 1066 1972 1131; x_wconf 90' lang='lat' dir='ltr'>Libri</span> <span class='ocrx_word' id='word_1_61' title='bbox 2006 1066 2209 1143; x_wconf 83' lang='lat' dir='ltr'>Sexti,</span> <span class='ocrx_word' id='word_1_62' title='bbox 2258 1066 2413 1132; x_wconf 91' lang='lat' dir='ltr'>licet</span> <span class='ocrx_word' id='word_1_63' title='bbox 2459 1067 2526 1131; x_wconf 92' lang='lat' dir='ltr'>in</span> <span class='ocrx_word' id='word_1_64' title='bbox 2556 1069 2680 1132; x_wconf 91' lang='lat' dir='ltr'>hoc</span> <span class='ocrx_word' id='word_1_65' title='bbox 2726 1090 2846 1134; x_wconf 93' lang='lat' dir='ltr'>nec</span> <span class='ocrx_word' id='word_1_66' title='bbox 2883 1070 2984 1134; x_wconf 91' lang='lat' dir='ltr'>in-</span> 
     </span>
     <span class='ocr_line' id='line_1_9' title="bbox 319 1163 2978 1248; baseline -0.001 -12"><span class='ocrx_word' id='word_1_67' title='bbox 319 1174 558 1247; x_wconf 85' lang='lat' dir='ltr'>sertae,</span> <span class='ocrx_word' id='word_1_68' title='bbox 593 1190 713 1234; x_wconf 92' lang='lat' dir='ltr'>nec</span> <span class='ocrx_word' id='word_1_69' title='bbox 744 1171 1129 1233; x_wconf 88' lang='lat' dir='ltr'>reservatae</span> <span class='ocrx_word' id='word_1_70' title='bbox 1162 1169 1401 1245; x_wconf 90' lang='lat' dir='ltr'>essent,</span> <span class='ocrx_word' id='word_1_71' title='bbox 1437 1186 1663 1230; x_wconf 90' lang='lat' dir='ltr'>earum</span> <span class='ocrx_word' id='word_1_72' title='bbox 1696 1165 1923 1229; x_wconf 88' lang='lat' dir='ltr'>valore</span> <span class='ocrx_word' id='word_1_73' title='bbox 1957 1163 2312 1245; x_wconf 88' lang='lat' dir='ltr'>originario</span> <span class='ocrx_word' id='word_1_74' title='bbox 2345 1165 2608 1248; x_wconf 88' lang='lat' dir='ltr'>privare</span> <span class='ocrx_word' id='word_1_75' title='bbox 2633 1167 2918 1234; x_wconf 90' lang='lat' dir='ltr'>noluerit</span> <span class='ocrx_word' id='word_1_76' title='bbox 2938 1167 2978 1234; x_wconf 81' lang='lat'><em>¹.</em></span> 
     </span>
    </p>

    <p class='ocr_par' dir='ltr' id='par_1_5' title="bbox 318 1262 2982 1547">
     <span class='ocr_line' id='line_1_10' title="bbox 500 1262 2982 1349; baseline -0.001 -17"><span class='ocrx_word' id='word_1_77' title='bbox 500 1271 559 1333; x_wconf 83' lang='lat'><em>2.</em></span> <span class='ocrx_word' id='word_1_78' title='bbox 607 1267 838 1332; x_wconf 88' lang='lat' dir='ltr'>Plures</span> <span class='ocrx_word' id='word_1_79' title='bbox 901 1265 1262 1330; x_wconf 89' lang='lat' dir='ltr'>decretales</span> <span class='ocrx_word' id='word_1_80' title='bbox 1324 1267 1394 1329; x_wconf 92' lang='lat' dir='ltr'>et</span> <span class='ocrx_word' id='word_1_81' title='bbox 1454 1262 1958 1328; x_wconf 86' lang='lat' dir='ltr'>constitutiones</span> <span class='ocrx_word' id='word_1_82' title='bbox 2019 1262 2391 1345; x_wconf 89' lang='lat' dir='ltr'>pontificiae</span> <span class='ocrx_word' id='word_1_83' title='bbox 2410 1314 2423 1341; x_wconf 90' lang='lat'>‚</span> <span class='ocrx_word' id='word_1_84' title='bbox 2486 1268 2637 1347; x_wconf 92' lang='lat' dir='ltr'>post</span> <span class='ocrx_word' id='word_1_85' title='bbox 2690 1265 2982 1349; x_wconf 89' lang='lat' dir='ltr'>publica-</span> 
     </span>
     <span class='ocr_line' id='line_1_11' title="bbox 318 1360 2980 1445; baseline -0.002 -12"><span class='ocrx_word' id='word_1_86' title='bbox 318 1367 567 1433; x_wconf 90' lang='lat' dir='ltr'>tionem</span> <span class='ocrx_word' id='word_1_87' title='bbox 611 1364 791 1430; x_wconf 89' lang='lat' dir='ltr'>Libri</span> <span class='ocrx_word' id='word_1_88' title='bbox 841 1364 1025 1429; x_wconf 83' lang='lat' dir='ltr'>Sexti</span> <span class='ocrx_word' id='word_1_89' title='bbox 1072 1367 1140 1429; x_wconf 93' lang='lat' dir='ltr'>et</span> <span class='ocrx_word' id='word_1_90' title='bbox 1188 1366 1342 1427; x_wconf 90' lang='lat' dir='ltr'>ante</span> <span class='ocrx_word' id='word_1_91' title='bbox 1387 1361 1897 1445; x_wconf 89' lang='lat' dir='ltr'>publicationem</span> <span class='ocrx_word' id='word_1_92' title='bbox 1959 1360 2361 1425; x_wconf 90' lang='lat' dir='ltr'>collectionis</span> <span class='ocrx_word' id='word_1_93' title='bbox 2410 1361 2980 1444; x_wconf 85' lang='lat' dir='ltr'>Clementinarum,</span> 
     </span>
     <span class='ocr_line' id='line_1_12' title="bbox 321 1457 2560 1547; baseline -0.002 -17"><span class='ocrx_word' id='word_1_94' title='bbox 321 1486 362 1530; x_wconf 85' lang='lat' dir='ltr'>a</span> <span class='ocrx_word' id='word_1_95' title='bbox 407 1465 590 1547; x_wconf 90' lang='lat' dir='ltr'>Papa</span> <span class='ocrx_word' id='word_1_96' title='bbox 635 1464 889 1528; x_wconf 77' lang='lat' dir='ltr'>Joanne</span> <span class='ocrx_word' id='word_1_97' title='bbox 933 1462 1162 1526; x_wconf 89' lang='lat' dir='ltr'><em>XXII.</em></span> <span class='ocrx_word' id='word_1_98' title='bbox 1215 1460 1318 1525; x_wconf 93' lang='lat' dir='ltr'>die</span> <span class='ocrx_word' id='word_1_99' title='bbox 1367 1461 1471 1525; x_wconf 83' lang='lat'><em>25.</em></span> <span class='ocrx_word' id='word_1_100' title='bbox 1523 1458 1666 1524; x_wconf 91' lang='lat' dir='ltr'>Oct.</span> <span class='ocrx_word' id='word_1_101' title='bbox 1723 1460 1889 1523; x_wconf 82' lang='lat'>1317</span> <span class='ocrx_word' id='word_1_102' title='bbox 1941 1457 2209 1536; x_wconf 80' lang='lat' dir='ltr'>factam,</span> <span class='ocrx_word' id='word_1_103' title='bbox 2261 1458 2560 1525; x_wconf 89' lang='lat' dir='ltr'>emissae.</span> 
     </span>
    </p>

    <p class='ocr_par' dir='ltr' id='par_1_6' title="bbox 501 1559 1453 1642">
     <span class='ocr_line' id='line_1_13' title="bbox 501 1559 1453 1642; baseline -0.004 -16"><span class='ocrx_word' id='word_1_104' title='bbox 501 1562 606 1626; x_wconf 92' lang='lat' dir='ltr'>Ad</span> <span class='ocrx_word' id='word_1_105' title='bbox 655 1581 818 1642; x_wconf 90' lang='lat' dir='ltr'>quas</span> <span class='ocrx_word' id='word_1_106' title='bbox 864 1559 1251 1624; x_wconf 84' lang='lat' dir='ltr'>referendae</span> <span class='ocrx_word' id='word_1_107' title='bbox 1299 1561 1453 1623; x_wconf 90' lang='lat' dir='ltr'>sunt</span> 
     </span>
    </p>

    <p class='ocr_par' dir='ltr' id='par_1_7' title="bbox 323 1654 2987 1839">
     <span class='ocr_line' id='line_1_14' title="bbox 502 1654 2987 1742; baseline 0 -19"><span class='ocrx_word' id='word_1_108' title='bbox 502 1659 568 1742; x_wconf 88' lang='lat' dir='ltr'>a)</span> <span class='ocrx_word' id='word_1_109' title='bbox 615 1659 800 1737; x_wconf 90' lang='lat' dir='ltr'>illae,</span> <span class='ocrx_word' id='word_1_110' title='bbox 864 1678 1032 1739; x_wconf 89' lang='lat' dir='ltr'>quae</span> <span class='ocrx_word' id='word_1_111' title='bbox 1081 1679 1121 1721; x_wconf 89' lang='lat' dir='ltr'>a</span> <span class='ocrx_word' id='word_1_112' title='bbox 1165 1657 1349 1740; x_wconf 87' lang='lat' dir='ltr'>Papa</span> <span class='ocrx_word' id='word_1_113' title='bbox 1402 1656 1744 1738; x_wconf 78' lang='lat' dir='ltr'>Bonifaeio</span> <span class='ocrx_word' id='word_1_114' title='bbox 1790 1655 1971 1719; x_wconf 90' lang='lat' dir='ltr'><em>VIII.</em></span> <span class='ocrx_word' id='word_1_115' title='bbox 2034 1657 2187 1738; x_wconf 91' lang='lat' dir='ltr'>post</span> <span class='ocrx_word' id='word_1_116' title='bbox 2246 1654 2751 1737; x_wconf 90' lang='lat' dir='ltr'>publicationem</span> <span class='ocrx_word' id='word_1_117' title='bbox 2807 1658 2987 1723; x_wconf 90' lang='lat' dir='ltr'>Libri</span> 
     </span>
     <span class='ocr_line' id='line_1_15' title="bbox 323 1750 2607 1839; baseline -0.002 -15"><span class='ocrx_word' id='word_1_118' title='bbox 323 1757 510 1825; x_wconf 90' lang='lat' dir='ltr'>Sexti</span> <span class='ocrx_word' id='word_1_119' title='bbox 555 1777 762 1839; x_wconf 92' lang='lat' dir='ltr'>usque</span> <span class='ocrx_word' id='word_1_120' title='bbox 809 1757 891 1821; x_wconf 92' lang='lat' dir='ltr'>ad</span> <span class='ocrx_word' id='word_1_121' title='bbox 939 1756 1142 1839; x_wconf 89' lang='lat' dir='ltr'>ipsius</span> <span class='ocrx_word' id='word_1_122' title='bbox 1191 1754 1440 1820; x_wconf 89' lang='lat' dir='ltr'>obitum</span> <span class='ocrx_word' id='word_1_123' title='bbox 1487 1751 1620 1835; x_wconf 91' lang='grc'><strong>(11.</strong></span> <span class='ocrx_word' id='word_1_124' title='bbox 1672 1754 1817 1819; x_wconf 92' lang='lat' dir='ltr'>Oct.</span> <span class='ocrx_word' id='word_1_125' title='bbox 1873 1753 2071 1836; x_wconf 86' lang='lat'>1303)</span> <span class='ocrx_word' id='word_1_126' title='bbox 2101 1750 2123 1786; x_wconf 79' lang='lat'><strong>²</strong></span> <span class='ocrx_word' id='word_1_127' title='bbox 2172 1753 2386 1818; x_wconf 90' lang='lat' dir='ltr'>editae</span> <span class='ocrx_word' id='word_1_128' title='bbox 2435 1757 2607 1819; x_wconf 90' lang='lat' dir='ltr'>sunt.</span> 
     </span>
    </p>

    <p class='ocr_par' dir='ltr' id='par_1_8' title="bbox 503 1856 707 1920">
     <span class='ocr_line' id='line_1_16' title="bbox 503 1856 707 1920; baseline 0.005 -1"><span class='ocrx_word' id='word_1_129' title='bbox 503 1856 707 1920; x_wconf 88' lang='lat' dir='ltr'>Porro</span> 
     </span>
    </p>

    <p class='ocr_par' dir='ltr' id='par_1_9' title="bbox 322 1948 2988 2420">
     <span class='ocr_line' id='line_1_17' title="bbox 500 1948 2982 2036; baseline 0 -19"><span class='ocrx_word' id='word_1_130' title='bbox 500 1954 570 2036; x_wconf 95' lang='lat' dir='ltr'>b)</span> <span class='ocrx_word' id='word_1_131' title='bbox 616 1953 788 2029; x_wconf 88' lang='lat' dir='ltr'>illae,</span> <span class='ocrx_word' id='word_1_132' title='bbox 839 1971 1007 2033; x_wconf 89' lang='lat' dir='ltr'>quae</span> <span class='ocrx_word' id='word_1_133' title='bbox 1063 1950 1341 2016; x_wconf 90' lang='lat' dir='ltr'>emissae</span> <span class='ocrx_word' id='word_1_134' title='bbox 1389 1952 1543 2014; x_wconf 92' lang='lat' dir='ltr'>sunt</span> <span class='ocrx_word' id='word_1_135' title='bbox 1590 1970 1630 2013; x_wconf 87' lang='lat' dir='ltr'>a</span> <span class='ocrx_word' id='word_1_136' title='bbox 1662 1949 1845 2032; x_wconf 89' lang='lat' dir='ltr'>Papa</span> <span class='ocrx_word' id='word_1_137' title='bbox 1881 1949 2222 2014; x_wconf 75' lang='lat' dir='ltr'>Benedieto</span> <span class='ocrx_word' id='word_1_138' title='bbox 2267 1949 2392 2014; x_wconf 90' lang='lat' dir='ltr'>XI.</span> <span class='ocrx_word' id='word_1_139' title='bbox 2443 1948 2576 2031; x_wconf 91' lang='grc'><strong>(22.</strong></span> <span class='ocrx_word' id='word_1_140' title='bbox 2628 1950 2771 2016; x_wconf 91' lang='lat' dir='ltr'>Oct.</span> <span class='ocrx_word' id='word_1_141' title='bbox 2812 1954 2982 2017; x_wconf 85' lang='lat'>1303</span> 
     </span>
     <span class='ocr_line' id='line_1_18' title="bbox 322 2044 2984 2133; baseline -0.001 -15"><span class='ocrx_word' id='word_1_142' title='bbox 322 2074 385 2118; x_wconf 96' lang='grc'>11.</span> <span class='ocrx_word' id='word_1_143' title='bbox 437 2051 518 2116; x_wconf 90' lang='lat' dir='ltr'>ad</span> <span class='ocrx_word' id='word_1_144' title='bbox 569 2053 627 2116; x_wconf 87' lang='grc'>7.</span> <span class='ocrx_word' id='word_1_145' title='bbox 660 2051 792 2116; x_wconf 85' lang='lat' dir='ltr'>Jul.</span> <span class='ocrx_word' id='word_1_146' title='bbox 832 2050 1051 2133; x_wconf 86' lang='lat'>1304),</span> <span class='ocrx_word' id='word_1_147' title='bbox 1105 2050 1410 2114; x_wconf 78' lang='lat' dir='ltr'>Clemente</span> <span class='ocrx_word' id='word_1_148' title='bbox 1449 2048 1518 2113; x_wconf 89' lang='lat' dir='ltr'>V.</span> <span class='ocrx_word' id='word_1_149' title='bbox 1569 2044 1657 2127; x_wconf 84' lang='lat'><em>(5.</em></span> <span class='ocrx_word' id='word_1_150' title='bbox 1691 2047 2246 2112; x_wconf 83' lang='lat' dir='ltr'>Jun.1305—20.</span> <span class='ocrx_word' id='word_1_151' title='bbox 2296 2046 2501 2130; x_wconf 88' lang='lat' dir='ltr'>April.</span> <span class='ocrx_word' id='word_1_152' title='bbox 2542 2048 2741 2130; x_wconf 83' lang='lat'>1314)</span> <span class='ocrx_word' id='word_1_153' title='bbox 2790 2053 2984 2116; x_wconf 89' lang='lat' dir='ltr'>extra</span> 
     </span>
     <span class='ocr_line' id='line_1_19' title="bbox 324 2141 2985 2228; baseline 0 -15"><span class='ocrx_word' id='word_1_154' title='bbox 324 2148 678 2215; x_wconf 84' lang='lat' dir='ltr'>Concilium</span> <span class='ocrx_word' id='word_1_155' title='bbox 708 2149 1058 2212; x_wconf 75' lang='lat' dir='ltr'>Viennense</span> <span class='ocrx_word' id='word_1_156' title='bbox 1088 2143 1288 2228; x_wconf 88' lang='grc'><strong>(1311</strong></span> <span class='ocrx_word' id='word_1_157' title='bbox 1341 2149 1408 2210; x_wconf 88' lang='lat' dir='ltr'>et</span> <span class='ocrx_word' id='word_1_158' title='bbox 1444 2143 1642 2225; x_wconf 92' lang='grc'><strong>1312)</strong></span> <span class='ocrx_word' id='word_1_159' title='bbox 1665 2141 1691 2181; x_wconf 81' lang='lat'>³</span> <span class='ocrx_word' id='word_1_160' title='bbox 1740 2147 1807 2209; x_wconf 96' lang='lat' dir='ltr'>et</span> <span class='ocrx_word' id='word_1_161' title='bbox 1840 2165 1879 2208; x_wconf 92' lang='lat' dir='ltr'>a</span> <span class='ocrx_word' id='word_1_162' title='bbox 1910 2144 2164 2209; x_wconf 77' lang='lat' dir='ltr'>Jocmne</span> <span class='ocrx_word' id='word_1_163' title='bbox 2194 2144 2422 2210; x_wconf 91' lang='lat' dir='ltr'><em>XXII.</em></span> <span class='ocrx_word' id='word_1_164' title='bbox 2472 2145 2623 2210; x_wconf 94' lang='lat' dir='ltr'>inde</span> <span class='ocrx_word' id='word_1_165' title='bbox 2670 2148 2751 2211; x_wconf 90' lang='lat' dir='ltr'>ab</span> <span class='ocrx_word' id='word_1_166' title='bbox 2798 2147 2985 2214; x_wconf 86' lang='lat' dir='ltr'>initio</span> 
     </span>
     <span class='ocr_line' id='line_1_20' title="bbox 324 2241 2988 2328; baseline 0 -17"><span class='ocrx_word' id='word_1_167' title='bbox 324 2246 756 2312; x_wconf 90' lang='lat' dir='ltr'>Pontificatus</span> <span class='ocrx_word' id='word_1_168' title='bbox 804 2246 943 2328; x_wconf 89' lang='lat' dir='ltr'>ejus</span> <span class='ocrx_word' id='word_1_169' title='bbox 991 2242 1079 2325; x_wconf 88' lang='lat'>(7.</span> <span class='ocrx_word' id='word_1_170' title='bbox 1130 2243 1300 2326; x_wconf 85' lang='lat' dir='ltr'>Aug.</span> <span class='ocrx_word' id='word_1_171' title='bbox 1356 2241 1554 2324; x_wconf 88' lang='grc'><strong>1316)</strong></span> <span class='ocrx_word' id='word_1_172' title='bbox 1617 2262 1822 2324; x_wconf 91' lang='lat' dir='ltr'>usque</span> <span class='ocrx_word' id='word_1_173' title='bbox 1883 2241 1966 2306; x_wconf 91' lang='lat' dir='ltr'>ad</span> <span class='ocrx_word' id='word_1_174' title='bbox 2025 2242 2535 2325; x_wconf 89' lang='lat' dir='ltr'>publicationem</span> <span class='ocrx_word' id='word_1_175' title='bbox 2586 2245 2988 2311; x_wconf 90' lang='lat' dir='ltr'>collectionis</span> 
     </span>
     <span class='ocr_line' id='line_1_21' title="bbox 327 2339 1942 2420; baseline -0.003 -10"><span class='ocrx_word' id='word_1_176' title='bbox 327 2343 900 2420; x_wconf 71' lang='lat' dir='ltr'>clementium-um,</span> <span class='ocrx_word' id='word_1_177' title='bbox 951 2342 1053 2406; x_wconf 92' lang='lat' dir='ltr'>die</span> <span class='ocrx_word' id='word_1_178' title='bbox 1103 2343 1205 2407; x_wconf 83' lang='lat'><em>25.</em></span> <span class='ocrx_word' id='word_1_179' title='bbox 1257 2341 1401 2406; x_wconf 91' lang='lat' dir='ltr'>Oct.</span> <span class='ocrx_word' id='word_1_180' title='bbox 1457 2342 1623 2405; x_wconf 91' lang='grc'><strong>1317</strong></span> <span class='ocrx_word' id='word_1_181' title='bbox 1673 2339 1942 2405; x_wconf 86' lang='lat' dir='ltr'>factam.</span> 
     </span>
    </p>

    <p class='ocr_par' dir='ltr' id='par_1_10' title="bbox 326 2437 2989 2818">
     <span class='ocr_line' id='line_1_22' title="bbox 507 2437 2989 2522; baseline 0 -16"><span class='ocrx_word' id='word_1_182' title='bbox 507 2441 686 2517; x_wconf 84' lang='lat' dir='ltr'>Quae</span> <span class='ocrx_word' id='word_1_183' title='bbox 735 2441 1098 2505; x_wconf 90' lang='lat' dir='ltr'>decretales</span> <span class='ocrx_word' id='word_1_184' title='bbox 1147 2442 1215 2504; x_wconf 91' lang='lat' dir='ltr'>et</span> <span class='ocrx_word' id='word_1_185' title='bbox 1262 2437 1785 2515; x_wconf 80' lang='lat' dir='ltr'>constitutioneS‚</span> <span class='ocrx_word' id='word_1_186' title='bbox 1838 2459 1969 2502; x_wconf 96' lang='lat' dir='ltr'>non</span> <span class='ocrx_word' id='word_1_187' title='bbox 2016 2438 2322 2504; x_wconf 90' lang='lat' dir='ltr'>obstante</span> <span class='ocrx_word' id='word_1_188' title='bbox 2368 2438 2808 2522; x_wconf 91' lang='lat' dir='ltr'>publicatione</span> <span class='ocrx_word' id='word_1_189' title='bbox 2856 2444 2989 2507; x_wconf 94' lang='lat' dir='ltr'>col-</span> 
     </span>
     <span class='ocr_line' id='line_1_23' title="bbox 326 2535 2987 2620; baseline 0.001 -16"><span class='ocrx_word' id='word_1_190' title='bbox 326 2538 628 2604; x_wconf 91' lang='lat' dir='ltr'>lectionis</span> <span class='ocrx_word' id='word_1_191' title='bbox 660 2538 1231 2615; x_wconf 84' lang='lat' dir='ltr'>Clementinarum,</span> <span class='ocrx_word' id='word_1_192' title='bbox 1277 2536 1431 2602; x_wconf 90' lang='lat' dir='ltr'>licet</span> <span class='ocrx_word' id='word_1_193' title='bbox 1461 2536 1529 2599; x_wconf 91' lang='lat' dir='ltr'>in</span> <span class='ocrx_word' id='word_1_194' title='bbox 1558 2536 1729 2601; x_wconf 91' lang='lat' dir='ltr'>hanc</span> <span class='ocrx_word' id='word_1_195' title='bbox 1762 2535 2213 2601; x_wconf 90' lang='lat' dir='ltr'>collectionem</span> <span class='ocrx_word' id='word_1_196' title='bbox 2244 2540 2552 2620; x_wconf 90' lang='lat' dir='ltr'>receptae</span> <span class='ocrx_word' id='word_1_197' title='bbox 2583 2559 2714 2603; x_wconf 96' lang='lat' dir='ltr'>non</span> <span class='ocrx_word' id='word_1_198' title='bbox 2746 2545 2987 2620; x_wconf 87' lang='lat' dir='ltr'>essent,</span> 
     </span>
     <span class='ocr_line' id='line_1_24' title="bbox 330 2634 2986 2720; baseline 0 -16"><span class='ocrx_word' id='word_1_199' title='bbox 330 2637 755 2720; x_wconf 87' lang='lat' dir='ltr'>originarium</span> <span class='ocrx_word' id='word_1_200' title='bbox 784 2637 1079 2702; x_wconf 89' lang='lat' dir='ltr'>valorem</span> <span class='ocrx_word' id='word_1_201' title='bbox 1104 2657 1291 2701; x_wconf 90' lang='lat' dir='ltr'>suum</span> <span class='ocrx_word' id='word_1_202' title='bbox 1316 2634 1749 2714; x_wconf 90' lang='lat' dir='ltr'>retinuerunt,</span> <span class='ocrx_word' id='word_1_203' title='bbox 1784 2655 1861 2700; x_wconf 94' lang='lat' dir='ltr'>eo</span> <span class='ocrx_word' id='word_1_204' title='bbox 1895 2635 2066 2717; x_wconf 89' lang='lat' dir='ltr'>quod</span> <span class='ocrx_word' id='word_1_205' title='bbox 2092 2634 2388 2701; x_wconf 91' lang='lat' dir='ltr'>collectio</span> <span class='ocrx_word' id='word_1_206' title='bbox 2415 2635 2986 2719; x_wconf 87' lang='lat' dir='ltr'>Clementinarum‚</span> 
     </span>
     <span class='ocr_line' id='line_1_25' title="bbox 328 2728 2776 2818; baseline -0 -17"><span class='ocrx_word' id='word_1_207' title='bbox 328 2736 484 2802; x_wconf 89' lang='lat' dir='ltr'>licet</span> <span class='ocrx_word' id='word_1_208' title='bbox 530 2737 618 2802; x_wconf 91' lang='lat' dir='ltr'>sit</span> <span class='ocrx_word' id='word_1_209' title='bbox 664 2735 897 2818; x_wconf 89' lang='lat' dir='ltr'>legalis</span> <span class='ocrx_word' id='word_1_210' title='bbox 945 2756 1061 2800; x_wconf 93' lang='lat' dir='ltr'>seu</span> <span class='ocrx_word' id='word_1_211' title='bbox 1109 2734 1508 2812; x_wconf 88' lang='lat' dir='ltr'>authentica,</span> <span class='ocrx_word' id='word_1_212' title='bbox 1557 2737 1784 2799; x_wconf 89' lang='lat' dir='ltr'>tamen</span> <span class='ocrx_word' id='word_1_213' title='bbox 1830 2754 1961 2798; x_wconf 92' lang='lat' dir='ltr'>non</span> <span class='ocrx_word' id='word_1_214' title='bbox 2008 2737 2110 2798; x_wconf 90' lang='lat' dir='ltr'>est</span> <span class='ocrx_word' id='word_1_215' title='bbox 2157 2733 2496 2798; x_wconf 90' lang='lat' dir='ltr'>exclusiva</span> <span class='ocrx_word' id='word_1_216' title='bbox 2532 2735 2575 2800; x_wconf 72' lang='lat'><em>⁴.</em></span> <span class='ocrx_word' id='word_1_217' title='bbox 2613 2762 2616 2765; x_wconf 52' lang='grc'>“</span> <span class='ocrx_word' id='word_1_218' title='bbox 2771 2728 2776 2732; x_wconf 67' lang='grc'>’</span> 
     </span>
    </p>

    <p class='ocr_par' dir='ltr' id='par_1_11' title="bbox 332 2831 3093 3018">
     <span class='ocr_line' id='line_1_26' title="bbox 508 2831 2988 2918; baseline 0 -19"><span class='ocrx_word' id='word_1_219' title='bbox 508 2835 550 2899; x_wconf 86' lang='lat' dir='ltr'>J</span> <span class='ocrx_word' id='word_1_220' title='bbox 554 2856 659 2899; x_wconf 88' lang='lat' dir='ltr'>am</span> <span class='ocrx_word' id='word_1_221' title='bbox 725 2837 947 2900; x_wconf 90' lang='lat' dir='ltr'>autem</span> <span class='ocrx_word' id='word_1_222' title='bbox 1011 2833 1388 2918; x_wconf 89' lang='lat' dir='ltr'>praedictae</span> <span class='ocrx_word' id='word_1_223' title='bbox 1459 2831 1824 2897; x_wconf 90' lang='lat' dir='ltr'>decretales</span> <span class='ocrx_word' id='word_1_224' title='bbox 1890 2835 1959 2896; x_wconf 91' lang='lat' dir='ltr'>et</span> <span class='ocrx_word' id='word_1_225' title='bbox 2024 2832 2527 2897; x_wconf 90' lang='lat' dir='ltr'>constitutiones</span> <span class='ocrx_word' id='word_1_226' title='bbox 2596 2834 2988 2916; x_wconf 91' lang='lat' dir='ltr'>pontificiae,</span> 
     </span>
     <span class='ocr_line' id='line_1_27' title="bbox 332 2928 3093 3018; baseline 0.001 -21"><span class='ocrx_word' id='word_1_227' title='bbox 332 2931 484 3014; x_wconf 87' lang='lat' dir='ltr'>quia</span> <span class='ocrx_word' id='word_1_228' title='bbox 533 2941 712 2997; x_wconf 77' lang='lat' dir='ltr'>extra</span> <span class='ocrx_word' id='word_1_229' title='bbox 759 2931 1176 2996; x_wconf 90' lang='lat' dir='ltr'>collectiones</span> <span class='ocrx_word' id='word_1_230' title='bbox 1206 2929 1500 3014; x_wconf 87' lang='lat' dir='ltr'>publicas</span> <span class='ocrx_word' id='word_1_231' title='bbox 1532 2929 1971 3010; x_wconf 85' lang='lat' dir='ltr'>vagabantur,</span> <span class='ocrx_word' id='word_1_232' title='bbox 2021 2928 2236 2995; x_wconf 81' lang='lat' dir='ltr'>dictae</span> <span class='ocrx_word' id='word_1_233' title='bbox 2269 2933 2424 2994; x_wconf 92' lang='lat' dir='ltr'>sunt</span> <span class='ocrx_word' id='word_1_234' title='bbox 2455 2931 2986 3018; x_wconf 72' lang='lat' dir='ltr'>ExtravaqanteS.</span> <span class='ocrx_word' id='word_1_235' title='bbox 3090 2949 3093 2952; x_wconf 82' lang='grc'><strong>’</strong></span> 
     </span>
    </p>

    <p class='ocr_par' dir='ltr' id='par_1_12' title="bbox 331 3028 2994 3993">
     <span class='ocr_line' id='line_1_28' title="bbox 509 3028 2990 3112; baseline 0.001 -18"><span class='ocrx_word' id='word_1_236' title='bbox 509 3030 614 3094; x_wconf 91' lang='lat' dir='ltr'>Ad</span> <span class='ocrx_word' id='word_1_237' title='bbox 662 3050 824 3112; x_wconf 90' lang='lat' dir='ltr'>quas</span> <span class='ocrx_word' id='word_1_238' title='bbox 869 3030 1444 3110; x_wconf 79' lang='lat' dir='ltr'>ExtravaganteS,</span> <span class='ocrx_word' id='word_1_239' title='bbox 1510 3048 1676 3110; x_wconf 90' lang='lat' dir='ltr'>quae</span> <span class='ocrx_word' id='word_1_240' title='bbox 1718 3028 1857 3111; x_wconf 87' lang='lat' dir='ltr'>jam</span> <span class='ocrx_word' id='word_1_241' title='bbox 1903 3031 2200 3111; x_wconf 92' lang='lat' dir='ltr'>tempore</span> <span class='ocrx_word' id='word_1_242' title='bbox 2246 3028 2707 3111; x_wconf 90' lang='lat' dir='ltr'>publicationis</span> <span class='ocrx_word' id='word_1_243' title='bbox 2756 3031 2990 3097; x_wconf 90' lang='lat' dir='ltr'>collec-</span> 
     </span>
     <span class='ocr_line' id='line_1_29' title="bbox 331 3124 2988 3208; baseline 0.001 -16"><span class='ocrx_word' id='word_1_244' title='bbox 331 3127 530 3193; x_wconf 88' lang='lat' dir='ltr'>tionis</span> <span class='ocrx_word' id='word_1_245' title='bbox 594 3127 1145 3192; x_wconf 86' lang='lat' dir='ltr'>Clementinarum</span> <span class='ocrx_word' id='word_1_246' title='bbox 1210 3124 1342 3207; x_wconf 90' lang='lat' dir='ltr'>(die</span> <span class='ocrx_word' id='word_1_247' title='bbox 1395 3127 1500 3191; x_wconf 93' lang='grc'><strong>25.</strong></span> <span class='ocrx_word' id='word_1_248' title='bbox 1554 3126 1699 3191; x_wconf 92' lang='lat' dir='ltr'>Oct.</span> <span class='ocrx_word' id='word_1_249' title='bbox 1752 3126 1951 3208; x_wconf 82' lang='lat'>1317)</span> <span class='ocrx_word' id='word_1_250' title='bbox 2018 3125 2454 3204; x_wconf 87' lang='lat' dir='ltr'>exstiterant,</span> <span class='ocrx_word' id='word_1_251' title='bbox 2523 3127 2754 3193; x_wconf 92' lang='lat' dir='ltr'>deinde</span> <span class='ocrx_word' id='word_1_252' title='bbox 2819 3128 2988 3195; x_wconf 91' lang='lat' dir='ltr'>aliae</span> 
     </span>
     <span class='ocr_line' id='line_1_30' title="bbox 334 3223 2990 3308; baseline 0 -18"><span class='ocrx_word' id='word_1_253' title='bbox 334 3228 784 3304; x_wconf 86' lang='lat' dir='ltr'>accesserunt,</span> <span class='ocrx_word' id='word_1_254' title='bbox 849 3228 916 3290; x_wconf 90' lang='lat' dir='ltr'>et</span> <span class='ocrx_word' id='word_1_255' title='bbox 978 3224 1237 3306; x_wconf 89' lang='lat' dir='ltr'>quidem</span> <span class='ocrx_word' id='word_1_256' title='bbox 1293 3223 1357 3306; x_wconf 87' lang='grc' dir='ltr'>α)</span> <span class='ocrx_word' id='word_1_257' title='bbox 1403 3224 1609 3307; x_wconf 87' lang='lat' dir='ltr'>ipsius</span> <span class='ocrx_word' id='word_1_258' title='bbox 1654 3224 1877 3307; x_wconf 90' lang='lat' dir='ltr'>Papae</span> <span class='ocrx_word' id='word_1_259' title='bbox 1924 3224 2202 3289; x_wconf 75' lang='lat' dir='ltr'>Joannis</span> <span class='ocrx_word' id='word_1_260' title='bbox 2247 3224 2477 3289; x_wconf 89' lang='lat' dir='ltr'><em>XXII.</em></span> <span class='ocrx_word' id='word_1_261' title='bbox 2494 3275 2514 3308; x_wconf 85' lang='lat'>,</span> <span class='ocrx_word' id='word_1_262' title='bbox 2577 3225 2727 3291; x_wconf 91' lang='lat' dir='ltr'>inde</span> <span class='ocrx_word' id='word_1_263' title='bbox 2787 3247 2827 3290; x_wconf 87' lang='lat' dir='ltr'>a</span> <span class='ocrx_word' id='word_1_264' title='bbox 2888 3228 2990 3292; x_wconf 93' lang='lat' dir='ltr'>die</span> 
     </span>
     <span class='ocr_line' id='line_1_31' title="bbox 336 3322 2991 3405; baseline 0.001 -18"><span class='ocrx_word' id='word_1_265' title='bbox 336 3325 440 3389; x_wconf 87' lang='grc'><strong>25.</strong></span> <span class='ocrx_word' id='word_1_266' title='bbox 491 3324 635 3390; x_wconf 89' lang='lat' dir='ltr'>Oct.</span> <span class='ocrx_word' id='word_1_267' title='bbox 690 3326 856 3388; x_wconf 86' lang='lat'>1317</span> <span class='ocrx_word' id='word_1_268' title='bbox 908 3344 1111 3405; x_wconf 92' lang='lat' dir='ltr'>usque</span> <span class='ocrx_word' id='word_1_269' title='bbox 1159 3323 1242 3387; x_wconf 92' lang='lat' dir='ltr'>ad</span> <span class='ocrx_word' id='word_1_270' title='bbox 1290 3322 1461 3387; x_wconf 89' lang='lat' dir='ltr'>diem</span> <span class='ocrx_word' id='word_1_271' title='bbox 1508 3324 1569 3388; x_wconf 85' lang='lat'><em>4.</em></span> <span class='ocrx_word' id='word_1_272' title='bbox 1618 3322 1961 3386; x_wconf 89' lang='lat' dir='ltr'>Decembr.</span> <span class='ocrx_word' id='word_1_273' title='bbox 2017 3323 2207 3399; x_wconf 89' lang='grc'><strong>1334,</strong></span> <span class='ocrx_word' id='word_1_274' title='bbox 2261 3343 2391 3404; x_wconf 92' lang='lat' dir='ltr'>qua</span> <span class='ocrx_word' id='word_1_275' title='bbox 2438 3322 2617 3400; x_wconf 86' lang='lat' dir='ltr'>obiit,</span> <span class='ocrx_word' id='word_1_276' title='bbox 2669 3324 2903 3403; x_wconf 90' lang='lat' dir='ltr'>editae,</span> <span class='ocrx_word' id='word_1_277' title='bbox 2955 3346 2991 3390; x_wconf 93' lang='lat' dir='ltr'>e</span> 
     </span>
     <span class='ocr_line' id='line_1_32' title="bbox 335 3420 2985 3504; baseline 0.001 -18"><span class='ocrx_word' id='word_1_278' title='bbox 335 3421 566 3504; x_wconf 91' lang='lat' dir='ltr'>quibus</span> <span class='ocrx_word' id='word_1_279' title='bbox 611 3425 769 3500; x_wconf 80' lang='lat' dir='ltr'>treS,</span> <span class='ocrx_word' id='word_1_280' title='bbox 821 3443 1095 3504; x_wconf 90' lang='lat' dir='ltr'>quarum</span> <span class='ocrx_word' id='word_1_281' title='bbox 1140 3420 1398 3486; x_wconf 89' lang='lat' dir='ltr'>initium</span> <span class='ocrx_word' id='word_1_282' title='bbox 1445 3423 1580 3485; x_wconf 90' lang='lat' dir='ltr'>est:</span> <span class='ocrx_word' id='word_1_283' title='bbox 1632 3421 1826 3485; x_wconf 83' lang='lat' dir='ltr'>Sedes</span> <span class='ocrx_word' id='word_1_284' title='bbox 1856 3421 2237 3504; x_wconf 74' lang='lat' dir='ltr'>Apostoliea,</span> <span class='ocrx_word' id='word_1_285' title='bbox 2289 3421 2347 3486; x_wconf 88' lang='lat' dir='ltr'>d.</span> <span class='ocrx_word' id='word_1_286' title='bbox 2390 3421 2449 3486; x_wconf 93' lang='lat' dir='ltr'>d.</span> <span class='ocrx_word' id='word_1_287' title='bbox 2485 3421 2599 3486; x_wconf 91' lang='lat' dir='ltr'><em>III.</em></span> <span class='ocrx_word' id='word_1_288' title='bbox 2634 3422 2780 3488; x_wconf 90' lang='lat' dir='ltr'>Kal.</span> <span class='ocrx_word' id='word_1_289' title='bbox 2815 3423 2985 3490; x_wconf 87' lang='lat' dir='ltr'>Nov.</span> 
     </span>
     <span class='ocr_line' id='line_1_33' title="bbox 332 3517 2987 3603; baseline 0.001 -19"><span class='ocrx_word' id='word_1_290' title='bbox 332 3520 521 3586; x_wconf 90' lang='lat' dir='ltr'>Pont.</span> <span class='ocrx_word' id='word_1_291' title='bbox 572 3543 630 3586; x_wconf 90' lang='lat' dir='ltr'>a.</span> <span class='ocrx_word' id='word_1_292' title='bbox 683 3522 742 3585; x_wconf 82' lang='lat'><em>2.</em></span> <span class='ocrx_word' id='word_1_293' title='bbox 807 3517 937 3600; x_wconf 91' lang='lat' dir='ltr'>(die</span> <span class='ocrx_word' id='word_1_294' title='bbox 987 3521 1090 3585; x_wconf 90' lang='grc'>30.</span> <span class='ocrx_word' id='word_1_295' title='bbox 1143 3519 1288 3584; x_wconf 89' lang='lat' dir='ltr'>Oct.</span> <span class='ocrx_word' id='word_1_296' title='bbox 1343 3519 1577 3601; x_wconf 88' lang='lat'>1317),</span> <span class='ocrx_word' id='word_1_297' title='bbox 1636 3519 1921 3602; x_wconf 73' lang='lat' dir='ltr'>Suscepti</span> <span class='ocrx_word' id='word_1_298' title='bbox 1977 3521 2338 3603; x_wconf 70' lang='lat' dir='ltr'>reqiminiS,</span> <span class='ocrx_word' id='word_1_299' title='bbox 2399 3519 2457 3584; x_wconf 94' lang='lat' dir='ltr'>d.</span> <span class='ocrx_word' id='word_1_300' title='bbox 2510 3518 2569 3584; x_wconf 92' lang='lat' dir='ltr'>d.</span> <span class='ocrx_word' id='word_1_301' title='bbox 2619 3520 2766 3586; x_wconf 89' lang='lat' dir='ltr'>Kal.</span> <span class='ocrx_word' id='word_1_302' title='bbox 2815 3520 2987 3587; x_wconf 89' lang='lat' dir='ltr'>Nov.</span> 
     </span>
     <span class='ocr_line' id='line_1_34' title="bbox 333 3615 2988 3700; baseline 0.002 -18"><span class='ocrx_word' id='word_1_303' title='bbox 333 3617 522 3683; x_wconf 92' lang='lat' dir='ltr'>Pont.</span> <span class='ocrx_word' id='word_1_304' title='bbox 574 3640 630 3683; x_wconf 92' lang='lat' dir='ltr'>a.</span> <span class='ocrx_word' id='word_1_305' title='bbox 684 3620 742 3683; x_wconf 83' lang='lat'><em>2.</em></span> <span class='ocrx_word' id='word_1_306' title='bbox 802 3615 934 3698; x_wconf 89' lang='lat' dir='ltr'>(die</span> <span class='ocrx_word' id='word_1_307' title='bbox 987 3618 1042 3683; x_wconf 91' lang='lat'><em>1.</em></span> <span class='ocrx_word' id='word_1_308' title='bbox 1089 3617 1263 3683; x_wconf 81' lang='lat' dir='ltr'>Nov,</span> <span class='ocrx_word' id='word_1_309' title='bbox 1319 3617 1550 3700; x_wconf 86' lang='lat'>1317),</span> <span class='ocrx_word' id='word_1_310' title='bbox 1609 3619 1843 3697; x_wconf 85' lang='lat' dir='ltr'>atque:</span> <span class='ocrx_word' id='word_1_311' title='bbox 1905 3616 2343 3698; x_wconf 66' lang='lat' dir='ltr'>Execrabilis,</span> <span class='ocrx_word' id='word_1_312' title='bbox 2395 3618 2453 3682; x_wconf 93' lang='lat' dir='ltr'>d.</span> <span class='ocrx_word' id='word_1_313' title='bbox 2506 3617 2564 3683; x_wconf 90' lang='lat' dir='ltr'>d.</span> <span class='ocrx_word' id='word_1_314' title='bbox 2615 3617 2790 3684; x_wconf 90' lang='lat' dir='ltr'>XIII.</span> <span class='ocrx_word' id='word_1_315' title='bbox 2840 3619 2988 3686; x_wconf 88' lang='lat' dir='ltr'>Kal.</span> 
     </span>
     <span class='ocr_line' id='line_1_35' title="bbox 333 3712 2994 3798; baseline 0.002 -19"><span class='ocrx_word' id='word_1_316' title='bbox 333 3716 673 3781; x_wconf 87' lang='lat' dir='ltr'>Decembr.</span> <span class='ocrx_word' id='word_1_317' title='bbox 708 3716 897 3781; x_wconf 93' lang='lat' dir='ltr'>Pont.</span> <span class='ocrx_word' id='word_1_318' title='bbox 948 3736 1006 3780; x_wconf 90' lang='lat' dir='ltr'>a.</span> <span class='ocrx_word' id='word_1_319' title='bbox 1058 3718 1117 3780; x_wconf 89' lang='grc'><strong>2.</strong></span> <span class='ocrx_word' id='word_1_320' title='bbox 1168 3713 1301 3796; x_wconf 85' lang='grc'><strong>(19.</strong></span> <span class='ocrx_word' id='word_1_321' title='bbox 1341 3714 1514 3780; x_wconf 91' lang='lat' dir='ltr'>Nov.</span> <span class='ocrx_word' id='word_1_322' title='bbox 1554 3712 1774 3795; x_wconf 89' lang='grc'><strong>1317),</strong></span> <span class='ocrx_word' id='word_1_323' title='bbox 1822 3713 2028 3792; x_wconf 89' lang='lat' dir='ltr'>brevi,</span> <span class='ocrx_word' id='word_1_324' title='bbox 2076 3716 2427 3797; x_wconf 89' lang='lat' dir='ltr'>postquam</span> <span class='ocrx_word' id='word_1_325' title='bbox 2473 3715 2873 3798; x_wconf 89' lang='lat' dir='ltr'>prodierant,</span> <span class='ocrx_word' id='word_1_326' title='bbox 2925 3722 2994 3784; x_wconf 93' lang='lat' dir='ltr'>et</span> 
     </span>
     <span class='ocr_line' id='line_1_36' title="bbox 337 3813 2992 3899; baseline 0.002 -22"><span class='ocrx_word' id='word_1_327' title='bbox 337 3813 594 3895; x_wconf 87' lang='lat' dir='ltr'>quidem</span> <span class='ocrx_word' id='word_1_328' title='bbox 642 3816 821 3878; x_wconf 90' lang='lat' dir='ltr'>certe</span> <span class='ocrx_word' id='word_1_329' title='bbox 867 3813 1076 3877; x_wconf 91' lang='lat' dir='ltr'>adhuc</span> <span class='ocrx_word' id='word_1_330' title='bbox 1110 3834 1168 3878; x_wconf 88' lang='lat' dir='ltr'>a.</span> <span class='ocrx_word' id='word_1_331' title='bbox 1209 3815 1400 3890; x_wconf 85' lang='lat'>1317,</span> <span class='ocrx_word' id='word_1_332' title='bbox 1450 3834 1491 3878; x_wconf 90' lang='lat' dir='ltr'>a</span> <span class='ocrx_word' id='word_1_333' title='bbox 1524 3813 1858 3878; x_wconf 75' lang='lat' dir='ltr'>Guilielmo</span> <span class='ocrx_word' id='word_1_334' title='bbox 1892 3814 1969 3877; x_wconf 77' lang='lat' dir='ltr'>de</span> <span class='ocrx_word' id='word_1_335' title='bbox 2000 3813 2215 3877; x_wconf 75' lang='lat' dir='ltr'>Monte</span> <span class='ocrx_word' id='word_1_336' title='bbox 2243 3814 2589 3897; x_wconf 77' lang='lat' dir='ltr'>Laudmw,</span> <span class='ocrx_word' id='word_1_337' title='bbox 2624 3835 2824 3899; x_wconf 90' lang='lat' dir='ltr'>supra</span> <span class='ocrx_word' id='word_1_338' title='bbox 2855 3837 2992 3881; x_wconf 92' lang='lat' dir='ltr'>me-</span> 
     </span>
     <span class='ocr_line' id='line_1_37' title="bbox 335 3910 1268 3993; baseline 0.001 -18"><span class='ocrx_word' id='word_1_339' title='bbox 335 3915 612 3989; x_wconf 89' lang='lat' dir='ltr'>morato,</span> <span class='ocrx_word' id='word_1_340' title='bbox 661 3912 996 3993; x_wconf 89' lang='lat' dir='ltr'>glossatae</span> <span class='ocrx_word' id='word_1_341' title='bbox 1043 3913 1199 3975; x_wconf 92' lang='lat' dir='ltr'>sunt</span> <span class='ocrx_word' id='word_1_342' title='bbox 1223 3910 1268 3976; x_wconf 78' lang='lat'><em>⁵.</em></span> 
     </span>
    </p>

    <p class='ocr_par' dir='ltr' id='par_1_13' title="bbox 336 4007 2994 4285">
     <span class='ocr_line' id='line_1_38' title="bbox 513 4007 2994 4094; baseline 0.001 -21"><span class='ocrx_word' id='word_1_343' title='bbox 513 4008 637 4073; x_wconf 92' lang='lat' dir='ltr'>His</span> <span class='ocrx_word' id='word_1_344' title='bbox 700 4008 912 4074; x_wconf 90' lang='lat' dir='ltr'>tribus</span> <span class='ocrx_word' id='word_1_345' title='bbox 974 4008 1592 4090; x_wconf 88' lang='lat' dir='ltr'>Extravagantibus</span> <span class='ocrx_word' id='word_1_346' title='bbox 1662 4007 1895 4072; x_wconf 93' lang='lat' dir='ltr'>deinde</span> <span class='ocrx_word' id='word_1_347' title='bbox 1965 4007 2133 4072; x_wconf 90' lang='lat' dir='ltr'>aliae</span> <span class='ocrx_word' id='word_1_348' title='bbox 2203 4010 2635 4093; x_wconf 77' lang='lat' dir='ltr'>septemdecim</span> <span class='ocrx_word' id='word_1_349' title='bbox 2704 4012 2994 4094; x_wconf 86' lang='lat' dir='ltr'>ejusdem</span> 
     </span>
     <span class='ocr_line' id='line_1_39' title="bbox 336 4105 2992 4191; baseline 0.002 -21"><span class='ocrx_word' id='word_1_350' title='bbox 336 4106 557 4190; x_wconf 88' lang='lat' dir='ltr'>Papae</span> <span class='ocrx_word' id='word_1_351' title='bbox 588 4107 865 4172; x_wconf 69' lang='lat' dir='ltr'>Joanmis</span> <span class='ocrx_word' id='word_1_352' title='bbox 896 4106 1126 4171; x_wconf 92' lang='lat' dir='ltr'><em>XXII.</em></span> <span class='ocrx_word' id='word_1_353' title='bbox 1161 4106 1427 4171; x_wconf 91' lang='lat' dir='ltr'>additae</span> <span class='ocrx_word' id='word_1_354' title='bbox 1474 4109 1542 4171; x_wconf 92' lang='lat' dir='ltr'>et</span> <span class='ocrx_word' id='word_1_355' title='bbox 1588 4106 1815 4172; x_wconf 90' lang='lat' dir='ltr'>ordine</span> <span class='ocrx_word' id='word_1_356' title='bbox 1863 4105 2317 4187; x_wconf 89' lang='lat' dir='ltr'>chronologico</span> <span class='ocrx_word' id='word_1_357' title='bbox 2367 4106 2743 4191; x_wconf 87' lang='lat' dir='ltr'>dispositae,</span> <span class='ocrx_word' id='word_1_358' title='bbox 2793 4113 2992 4191; x_wconf 89' lang='lat' dir='ltr'>atque</span> 
     </span>
     <span class='ocr_line' id='line_1_40' title="bbox 338 4196 2993 4285; baseline 0.002 -17"><span class='ocrx_word' id='word_1_359' title='bbox 338 4224 563 4269; x_wconf 92' lang='lat' dir='ltr'>omnes</span> <span class='ocrx_word' id='word_1_360' title='bbox 611 4225 650 4268; x_wconf 90' lang='lat' dir='ltr'>a</span> <span class='ocrx_word' id='word_1_361' title='bbox 694 4206 1030 4270; x_wconf 75' lang='lat' dir='ltr'>Zenzelino</span> <span class='ocrx_word' id='word_1_362' title='bbox 1080 4206 1157 4269; x_wconf 83' lang='lat' dir='ltr'>de</span> <span class='ocrx_word' id='word_1_363' title='bbox 1197 4206 1502 4269; x_wconf 77' lang='lat' dir='ltr'>Cassanis</span> <span class='ocrx_word' id='word_1_364' title='bbox 1549 4196 1617 4269; x_wconf 65' lang='lat' dir='ltr'>a.</span> <span class='ocrx_word' id='word_1_365' title='bbox 1648 4206 1816 4269; x_wconf 86' lang='grc'><strong>1325</strong></span> <span class='ocrx_word' id='word_1_366' title='bbox 1866 4204 2200 4285; x_wconf 87' lang='lat' dir='ltr'>glossatae</span> <span class='ocrx_word' id='word_1_367' title='bbox 2247 4209 2398 4272; x_wconf 92' lang='lat' dir='ltr'>sunt</span> <span class='ocrx_word' id='word_1_368' title='bbox 2425 4204 2468 4271; x_wconf 66' lang='grc' dir='ltr'><strong>ὃ.</strong></span> <span class='ocrx_word' id='word_1_369' title='bbox 2541 4205 2715 4282; x_wconf 82' lang='lat' dir='ltr'>Quas</span> <span class='ocrx_word' id='word_1_370' title='bbox 2746 4207 2993 4273; x_wconf 88' lang='lat' dir='ltr'>Extra-</span> 
     </span>
    </p>
   </div>
   <div class='ocr_carea' id='block_1_3' title="bbox 335 4405 2996 4877">
    <p class='ocr_par' dir='ltr' id='par_1_14' title="bbox 335 4405 2995 4637">
     <span class='ocr_line' id='line_1_41' title="bbox 335 4405 2994 4477; baseline 0.001 -16"><span class='ocrx_word' id='word_1_371' title='bbox 335 4407 993 4475; x_wconf 84' lang='lat' dir='ltr'>vagantensammlungen</span> <span class='ocrx_word' id='word_1_372' title='bbox 1030 4407 1125 4460; x_wconf 92' lang='lat' dir='ltr'>des</span> <span class='ocrx_word' id='word_1_373' title='bbox 1165 4406 1372 4476; x_wconf 88' lang='lat' dir='ltr'>Corpus</span> <span class='ocrx_word' id='word_1_374' title='bbox 1403 4405 1544 4476; x_wconf 89' lang='lat' dir='ltr'>juris</span> <span class='ocrx_word' id='word_1_375' title='bbox 1581 4405 1841 4459; x_wconf 85' lang='lat' dir='ltr'>canonici.</span> <span class='ocrx_word' id='word_1_376' title='bbox 1916 4406 2193 4474; x_wconf 88' lang='lat' dir='ltr'>Marburg.</span> <span class='ocrx_word' id='word_1_377' title='bbox 2237 4408 2407 4471; x_wconf 86' lang='grc'><strong>1825;</strong></span> <span class='ocrx_word' id='word_1_378' title='bbox 2449 4409 2696 4477; x_wconf 59' lang='lat' dir='ltr'>Philum,</span> <span class='ocrx_word' id='word_1_379' title='bbox 2734 4409 2994 4463; x_wconf 90' lang='lat' dir='ltr'>Kirchen-</span> 
     </span>
     <span class='ocr_line' id='line_1_42' title="bbox 335 4485 2995 4557; baseline 0.001 -16"><span class='ocrx_word' id='word_1_380' title='bbox 335 4488 506 4552; x_wconf 89' lang='lat' dir='ltr'>recht,</span> <span class='ocrx_word' id='word_1_381' title='bbox 543 4490 672 4541; x_wconf 87' lang='lat' dir='ltr'>tom.</span> <span class='ocrx_word' id='word_1_382' title='bbox 698 4488 793 4541; x_wconf 91' lang='lat' dir='ltr'><em>IV.</em></span> <span class='ocrx_word' id='word_1_383' title='bbox 833 4505 885 4557; x_wconf 88' lang='lat' dir='ltr'>p.</span> <span class='ocrx_word' id='word_1_384' title='bbox 914 4487 1231 4541; x_wconf 82' lang='lat'><em>392.—402.</em></span> <span class='ocrx_word' id='word_1_385' title='bbox 1249 4508 1262 4551; x_wconf 90' lang='lat'>;</span> <span class='ocrx_word' id='word_1_386' title='bbox 1303 4488 1531 4555; x_wconf 81' lang='lat' dir='ltr'>Schulte‚</span> <span class='ocrx_word' id='word_1_387' title='bbox 1568 4486 1670 4540; x_wconf 89' lang='lat' dir='ltr'>Die</span> <span class='ocrx_word' id='word_1_388' title='bbox 1698 4485 2026 4540; x_wconf 87' lang='lat' dir='ltr'>Geschichte</span> <span class='ocrx_word' id='word_1_389' title='bbox 2066 4488 2162 4541; x_wconf 91' lang='lat' dir='ltr'>der</span> <span class='ocrx_word' id='word_1_390' title='bbox 2186 4487 2426 4552; x_wconf 82' lang='lat' dir='ltr'>Quellen,</span> <span class='ocrx_word' id='word_1_391' title='bbox 2465 4492 2593 4542; x_wconf 88' lang='lat' dir='ltr'>tom.</span> <span class='ocrx_word' id='word_1_392' title='bbox 2620 4489 2687 4542; x_wconf 94' lang='lat' dir='ltr'><em>II.</em></span> <span class='ocrx_word' id='word_1_393' title='bbox 2717 4490 2963 4544; x_wconf 88' lang='lat'><em>50.—65.</em></span> <span class='ocrx_word' id='word_1_394' title='bbox 2981 4511 2995 4555; x_wconf 77' lang='lat'><em>3</em></span> 
     </span>
     <span class='ocr_line' id='line_1_43' title="bbox 338 4566 2496 4637; baseline 0 -16"><span class='ocrx_word' id='word_1_395' title='bbox 338 4569 652 4636; x_wconf 77' lang='lat' dir='ltr'>Friedbery,</span> <span class='ocrx_word' id='word_1_396' title='bbox 689 4566 747 4620; x_wconf 92' lang='lat' dir='ltr'>in</span> <span class='ocrx_word' id='word_1_397' title='bbox 786 4566 942 4636; x_wconf 88' lang='lat' dir='ltr'>Corp.</span> <span class='ocrx_word' id='word_1_398' title='bbox 976 4567 1083 4637; x_wconf 88' lang='lat' dir='ltr'>jur.</span> <span class='ocrx_word' id='word_1_399' title='bbox 1124 4585 1241 4620; x_wconf 85' lang='lat' dir='ltr'>can.</span> <span class='ocrx_word' id='word_1_400' title='bbox 1281 4570 1420 4636; x_wconf 84' lang='lat' dir='ltr'>part.</span> <span class='ocrx_word' id='word_1_401' title='bbox 1459 4567 1526 4620; x_wconf 90' lang='lat' dir='ltr'><em>H.</em></span> <span class='ocrx_word' id='word_1_402' title='bbox 1566 4567 1811 4636; x_wconf 89' lang='lat' dir='ltr'>prolegg.</span> <span class='ocrx_word' id='word_1_403' title='bbox 1852 4567 1951 4620; x_wconf 92' lang='lat' dir='ltr'>col.</span> <span class='ocrx_word' id='word_1_404' title='bbox 1989 4567 2496 4622; x_wconf 84' lang='lat' dir='ltr'><em>LXIV.—LXVIII.</em></span> 
     </span>
    </p>

    <p class='ocr_par' dir='ltr' id='par_1_15' title="bbox 520 4646 2996 4720">
     <span class='ocr_line' id='line_1_44' title="bbox 520 4646 2996 4720; baseline 0.002 -20"><span class='ocrx_word' id='word_1_405' title='bbox 520 4650 539 4684; x_wconf 82' lang='lat'><strong>¹</strong></span> <span class='ocrx_word' id='word_1_406' title='bbox 577 4646 686 4700; x_wconf 84' lang='lat' dir='ltr'>cfr.</span> <span class='ocrx_word' id='word_1_407' title='bbox 726 4663 891 4716; x_wconf 87' lang='lat' dir='ltr'>supra</span> <span class='ocrx_word' id='word_1_408' title='bbox 928 4664 978 4716; x_wconf 91' lang='lat' dir='ltr'>p.</span> <span class='ocrx_word' id='word_1_409' title='bbox 1011 4647 1129 4701; x_wconf 89' lang='grc'><strong>187.</strong></span> <span class='ocrx_word' id='word_1_410' title='bbox 1157 4664 1238 4715; x_wconf 90' lang='lat' dir='ltr'>sq.</span> <span class='ocrx_word' id='word_1_411' title='bbox 1421 4649 1442 4682; x_wconf 81' lang='lat'><strong>²</strong></span> <span class='ocrx_word' id='word_1_412' title='bbox 1481 4648 1735 4715; x_wconf 79' lang='lat' dir='ltr'>Potthast,</span> <span class='ocrx_word' id='word_1_413' title='bbox 1772 4646 2013 4714; x_wconf 87' lang='lat' dir='ltr'>Regesta</span> <span class='ocrx_word' id='word_1_414' title='bbox 2050 4647 2267 4702; x_wconf 88' lang='lat' dir='ltr'>Pontiff.</span> <span class='ocrx_word' id='word_1_415' title='bbox 2307 4648 2477 4713; x_wconf 70' lang='lat' dir='ltr'>Rom„</span> <span class='ocrx_word' id='word_1_416' title='bbox 2516 4650 2624 4703; x_wconf 88' lang='lat' dir='ltr'>vol.</span> <span class='ocrx_word' id='word_1_417' title='bbox 2650 4650 2718 4703; x_wconf 93' lang='grc' dir='ltr'><strong>ΙΙ.</strong></span> <span class='ocrx_word' id='word_1_418' title='bbox 2757 4668 2808 4720; x_wconf 91' lang='lat' dir='ltr'>p.</span> <span class='ocrx_word' id='word_1_419' title='bbox 2837 4651 2996 4706; x_wconf 86' lang='grc'><strong>2023.</strong></span> 
     </span>
    </p>

    <p class='ocr_par' dir='ltr' id='par_1_16' title="bbox 518 4725 2840 4797">
     <span class='ocr_line' id='line_1_45' title="bbox 518 4725 2840 4797; baseline 0.002 -17"><span class='ocrx_word' id='word_1_420' title='bbox 518 4728 538 4762; x_wconf 79' lang='lat'>³</span> <span class='ocrx_word' id='word_1_421' title='bbox 578 4729 791 4780; x_wconf 79' lang='lat' dir='ltr'>Schulte</span> <span class='ocrx_word' id='word_1_422' title='bbox 825 4725 864 4780; x_wconf 94' lang='grc'>1.</span> <span class='ocrx_word' id='word_1_423' title='bbox 904 4744 949 4780; x_wconf 90' lang='grc'>6.</span> <span class='ocrx_word' id='word_1_424' title='bbox 987 4729 1116 4780; x_wconf 89' lang='lat' dir='ltr'>tom.</span> <span class='ocrx_word' id='word_1_425' title='bbox 1157 4726 1224 4780; x_wconf 88' lang='lat' dir='ltr'><em>H.</em></span> <span class='ocrx_word' id='word_1_426' title='bbox 1263 4745 1314 4796; x_wconf 90' lang='lat' dir='ltr'>p.</span> <span class='ocrx_word' id='word_1_427' title='bbox 1344 4728 1430 4782; x_wconf 91' lang='grc'>52.</span> <span class='ocrx_word' id='word_1_428' title='bbox 1616 4727 1640 4761; x_wconf 76' lang='lat'><strong>4</strong></span> <span class='ocrx_word' id='word_1_429' title='bbox 1679 4727 1788 4781; x_wconf 85' lang='lat' dir='ltr'>Cfr.</span> <span class='ocrx_word' id='word_1_430' title='bbox 1828 4745 1993 4796; x_wconf 87' lang='lat' dir='ltr'>supra</span> <span class='ocrx_word' id='word_1_431' title='bbox 2030 4746 2081 4797; x_wconf 91' lang='lat' dir='ltr'>p.</span> <span class='ocrx_word' id='word_1_432' title='bbox 2121 4728 2242 4782; x_wconf 88' lang='grc'>203.</span> <span class='ocrx_word' id='word_1_433' title='bbox 2428 4731 2447 4763; x_wconf 79' lang='lat'>⁵</span> <span class='ocrx_word' id='word_1_434' title='bbox 2486 4730 2698 4782; x_wconf 79' lang='lat' dir='ltr'>Schulte</span> <span class='ocrx_word' id='word_1_435' title='bbox 2729 4729 2766 4784; x_wconf 91' lang='lat' dir='ltr'>l.</span> <span class='ocrx_word' id='word_1_436' title='bbox 2794 4748 2840 4784; x_wconf 89' lang='lat' dir='ltr'>c.</span> 
     </span>
    </p>

    <p class='ocr_par' dir='ltr' id='par_1_17' title="bbox 518 4806 1893 4877">
     <span class='ocr_line' id='line_1_46' title="bbox 518 4806 1893 4877; baseline 0.001 -17"><span class='ocrx_word' id='word_1_437' title='bbox 518 4808 539 4842; x_wconf 77' lang='lat'><strong>⁶</strong></span> <span class='ocrx_word' id='word_1_438' title='bbox 577 4808 782 4860; x_wconf 77' lang='lat' dir='ltr'>Biclcell</span> <span class='ocrx_word' id='word_1_439' title='bbox 816 4806 853 4861; x_wconf 90' lang='lat' dir='ltr'>l.</span> <span class='ocrx_word' id='word_1_440' title='bbox 893 4824 938 4860; x_wconf 91' lang='lat' dir='ltr'>c.</span> <span class='ocrx_word' id='word_1_441' title='bbox 977 4824 1029 4875; x_wconf 89' lang='lat' dir='ltr'>p.</span> <span class='ocrx_word' id='word_1_442' title='bbox 1068 4807 1148 4870; x_wconf 81' lang='lat'><em>8.;</em></span> <span class='ocrx_word' id='word_1_443' title='bbox 1189 4807 1401 4860; x_wconf 78' lang='lat' dir='ltr'>Schulte</span> <span class='ocrx_word' id='word_1_444' title='bbox 1435 4806 1472 4861; x_wconf 92' lang='lat' dir='ltr'>l.</span> <span class='ocrx_word' id='word_1_445' title='bbox 1511 4824 1555 4860; x_wconf 90' lang='lat' dir='ltr'>c.</span> <span class='ocrx_word' id='word_1_446' title='bbox 1595 4825 1647 4877; x_wconf 90' lang='lat' dir='ltr'>p.</span> <span class='ocrx_word' id='word_1_447' title='bbox 1687 4807 1773 4861; x_wconf 84' lang='lat'><em>52.</em></span> <span class='ocrx_word' id='word_1_448' title='bbox 1812 4825 1893 4876; x_wconf 90' lang='lat' dir='ltr'>sq.</span> 
     </span>
    </p>
   </div>
   <div class='ocr_carea' id='block_1_4' title="bbox 445 4902 2580 4952">
    <p class='ocr_par' dir='ltr' id='par_1_18' title="bbox 445 4902 2580 4952">
     <span class='ocr_line' id='line_1_47' title="bbox 445 4902 2580 4952; baseline -0.001 -9"><span class='ocrx_word' id='word_1_449' title='bbox 445 4905 482 4943; x_wconf 88' lang='lat' dir='ltr'>L</span> <span class='ocrx_word' id='word_1_450' title='bbox 496 4914 522 4942; x_wconf 84' lang='lat' dir='ltr'>a</span> <span class='ocrx_word' id='word_1_451' title='bbox 531 4915 562 4942; x_wconf 90' lang='lat' dir='ltr'>u</span> <span class='ocrx_word' id='word_1_452' title='bbox 573 4907 665 4944; x_wconf 83' lang='lat' dir='ltr'>rin</span> <span class='ocrx_word' id='word_1_453' title='bbox 675 4934 687 4952; x_wconf 85' lang='lat'>‚</span> <span class='ocrx_word' id='word_1_454' title='bbox 723 4906 902 4952; x_wconf 78' lang='lat' dir='ltr'>Corpus</span> <span class='ocrx_word' id='word_1_455' title='bbox 925 4904 1020 4952; x_wconf 83' lang='lat' dir='ltr'>jur.</span> <span class='ocrx_word' id='word_1_456' title='bbox 1045 4914 1144 4943; x_wconf 79' lang='lat' dir='ltr'>can.</span> <span class='ocrx_word' id='word_1_457' title='bbox 2515 4902 2580 4950; x_wconf 85' lang='lat'>14</span> 
     </span>
    </p>
   </div>
  </div>
 </body>
</html>
