3355 5328
394 331 500 387 186
1189 332 1328 386 Pars
1366 331 1433 386 II.
1488 330 1847 386 Collectiones
1884 331 2252 386 decretalium.

393 495 689 558 attamen
720 492 789 557 in
819 491 962 577 ipso
994 500 1351 557 reservatae
1380 495 1553 570 sunt,
1588 491 1865 557 eundem
1888 491 2183 557 valorem
2214 491 2381 573 legis
2413 490 2894 558 ecclesiasticae
2918 491 3057 557 uni-

391 590 671 655 versalis
700 591 979 667 habent;
1013 589 1111 655 uti
1134 591 1385 674 pariter
1409 610 1445 654 e
1468 589 1774 674 praefata
1797 590 1977 655 bulla
1999 588 2461 674 publicationis
2483 589 2905 656 manifestum
2930 594 3051 656 est.

570 689 979 754 Reservatae
1027 690 1249 754 autem
1294 687 1363 752 in
1406 687 1602 752 Libro
1651 687 1857 753 Sexto
1904 690 2078 764 sunt,
2131 687 2328 770 idque
2374 686 2515 752 sive
2561 688 2848 754 adducta
2890 709 3057 754 voce

393 806 621 852 earum
666 785 921 865 initiali,
971 786 1112 851 sive
1158 785 1611 866 designatione
1656 784 1975 852 materiae
2022 806 2282 850 earum:

576 887 633 950 1.
682 884 902 968 Papae
948 885 1203 949 Nicolai
1251 884 1378 950 III.
1428 883 1846 949 constitutio:
1907 884 2118 967 Exiit,
2179 883 2239 949 d.
2290 884 2350 949 d.
2406 886 2507 950 14.
2557 883 2723 967 (15.)
2769 884 3055 965 August.

398 985 567 1048 1279
600 981 640 1060 ¹,
705 982 1046 1049 continens
1107 981 1639 1066 explanationem
1697 981 1968 1063 regulae
2031 981 2295 1046 Ordinis
2344 980 2405 1047 S.
2454 981 2818 1059 Francisci3
2886 1001 3057 1064 quae

394 1080 776 1147 constitutio
824 1079 1226 1164 amplissima
1272 1079 1341 1144 in
1377 1079 1705 1145 codicibus
1751 1101 1906 1145 mss
1957 1084 2025 1145 et
2055 1079 2123 1144 in
2155 1079 2631 1161 antiquioribus
2663 1079 3058 1146 editionibus

393 1179 571 1244 Libri
620 1178 806 1245 Sexti
851 1179 920 1243 in
967 1199 1020 1245 6.
1057 1180 1117 1244 3.
1169 1178 1249 1243 (16
1295 1178 1376 1244 V.
1428 1178 1491 1244 S.
1542 1178 1623 1244 V.
1679 1181 1779 1244 12.
1830 1177 1973 1243 sola
2019 1198 2138 1243 sua
2183 1199 2347 1243 voce
2392 1177 2661 1244 initiali:
2710 1179 2892 1244 Exiit
2938 1178 3058 1243 ad-

394 1277 628 1356 ducta,
690 1277 759 1342 in
819 1275 1211 1343 editionibus
1271 1279 1494 1342 autem
1553 1277 1747 1360 hujus
1801 1275 1981 1341 Libri
2039 1275 2513 1342 recentioribus
2571 1276 2766 1361 pleno
2824 1280 3057 1342 tenore

392 1376 745 1441 verborum
790 1376 1006 1441 relata
1051 1378 1171 1440 est.

576 1476 634 1539 2.
684 1473 906 1557 Papae
956 1474 1283 1538 Caelestini
1327 1473 1398 1538 V.
1449 1472 1832 1538 constitutio
1852 1522 1866 1550 ,
1918 1472 2229 1537 definiens
2249 1522 2263 1551 ,
2324 1472 2523 1538 licere
2572 1473 2835 1538 Summo
2883 1473 3059 1538 Pon·

382 1571 573 1649 tifici‚
609 1571 918 1653 dignitati
948 1571 1321 1655 pontificiae
1351 1570 1765 1647 renuntiare3
1815 1591 1983 1653 quae
2015 1570 2397 1636 constitutio
2431 1571 2883 1653 designatione
2913 1592 3060 1636 1116-

394 1669 606 1736 teriae
636 1690 796 1734 suae
826 1673 1168 1735 reservata
1200 1672 1304 1734 est
1333 1668 1401 1733 in
1442 1690 1496 1735 c.
1537 1671 1592 1734 1.
1628 1668 1663 1750 ἓ
1696 1668 1838 1733 Nos
1883 1668 2104 1751 igitur.
2155 1669 2236 1734 de
2281 1672 2540 1735 renunt.
2588 1669 2657 1734 in
2690 1669 2871 1735 Sext.
2905 1669 2955 1734 I.
2993 1672 3057 1736 7.

575 1770 635 1833 3.
698 1767 919 1851 Papae
979 1769 1345 1833 Alexandri
1390 1767 1508 1833 IV.
1571 1766 1955 1832 constitutio
1977 1817 1992 1845 ‚
2059 1766 2457 1833 interdicens
2478 1816 2492 1845 ,
2558 1788 2642 1832 ne
2703 1788 2744 1832 a
2801 1766 3061 1833 clericis

397 1869 628 1931 contra
664 1865 1082 1949 privilegium
1129 1865 1224 1930 eis
1256 1885 1636 1932 concessum
1668 1864 1979 1946 exigatur
1997 1866 2351 1950 pedaqium
2382 1864 2731 1947 (tributum
2762 1886 2803 1930 a
2834 1868 3060 1931 trans-

395 1963 698 2028 euntibus
744 1985 863 2048 per
906 1962 1052 2028 vias
1096 1963 1391 2048 publicas
1438 1966 1507 2028 et
1551 1983 1672 2047 per
1716 1965 1952 2046 pontes
1997 1962 2527 2047 persolvendum)
2569 1967 2638 2029 et
2676 1965 3060 2049 quidayium

396 2060 743 2144 (tributum
792 2083 833 2126 a
876 2061 1480 2146 peregrinatoribus
1539 2060 1927 2126 solvendum
1986 2082 2105 2145 pro
2166 2061 2488 2145 praestito
2551 2061 2645 2126 eis
2701 2083 2742 2126 a
2795 2061 3061 2145 publica

395 2162 730 2244 potestate
776 2181 896 2244 per
939 2161 1086 2225 loca
1130 2159 1498 2256 periculosa
1543 2159 1815 2225 militari
1847 2159 2230 2240 conductu);
2281 2180 2449 2242 quae
2482 2159 2864 2225 constitutio
2896 2159 3060 2224 item

394 2258 790 2324 indicatione
822 2258 1141 2324 materiae
1172 2258 1375 2343 ipsius
1405 2261 1753 2323 reservata
1784 2261 1887 2331 est
1917 2257 1986 2322 in
2018 2279 2071 2323 6.
2100 2260 2160 2323 4.
2189 2257 2269 2322 (16
2295 2278 2466 2323 cens.
2501 2256 2570 2322 in
2595 2257 2775 2324 Sext.
2802 2258 2916 2322 III.
2948 2260 3056 2324 20.

576 2359 635 2423 4.
700 2356 1132 2435 ConstitutiO,
1199 2357 1481 2441 primum
1541 2377 1581 2420 6
1639 2355 1824 2440 Papa
1853 2355 2204 2437 ‘Gregorio
2261 2355 2371 2420 IX.
2439 2358 2591 2439 post
2653 2355 3059 2439 publicatam

397 2475 455 2521 a.
496 2456 667 2519 1234
702 2454 1151 2520 collectionem
1194 2453 1618 2520 decretalium
1652 2454 1892 2519 emissa
1923 2457 1991 2519 et
2015 2453 2256 2518 deinde
2288 2475 2329 2518 a
2359 2453 2542 2537 Papa
2574 2452 2906 2520 Clemente
2937 2452 3056 2519 IV.

394 2556 717 2619 renovata
741 2550 786 2631 ²,
837 2573 1005 2635 quae
1038 2551 1382 2635 restringit
1411 2552 1915 2637 prohibitionem
1948 2550 2148 2618 studii
2172 2551 2339 2635 juris
2371 2550 2580 2616 civilis
2612 2554 2811 2634 atque
2844 2551 3061 2617 scien-

394 2650 532 2717 tiae
577 2649 869 2717 medicae
915 2649 1301 2735 (physicae),
1353 2674 1393 2718 a
1422 2651 1606 2736 Papa
1637 2651 1924 2717 Honorio
1957 2651 2083 2717 III.
2134 2649 2331 2717 certis
2379 2648 2632 2716 clericis
2677 2649 3059 2734 impositam

388 2753 466 2816 et
511 2750 579 2815 in
626 2771 767 2834 cap.
823 2752 924 2817 10.
972 2750 1051 2816 X.
1100 2750 1205 2815 Ne
1253 2750 1406 2816 cler.
1456 2749 1565 2815 vel
1613 2750 1908 2816 monach.
1957 2750 2072 2815 HI.
2124 2751 2228 2815 50.
2277 2748 2577 2814 relatam.
2672 2747 2852 2824 Quae
2899 2769 3059 2814 con-

389 2847 656 2915 stitutio
703 2850 1049 2914 reservata
1095 2852 1199 2914 est
1242 2848 1311 2913 in
1358 2870 1411 2914 c.
1467 2850 1522 2914 1.
1573 2848 1715 2914 eod.
1763 2847 1832 2913 in
1880 2847 2061 2914 Sext.
2109 2847 2224 2914 III.
2276 2848 2380 2913 24.
2412 2842 2437 2881 ³

578 2947 638 3012 5.
689 2946 933 3011 Omnes
979 2946 1502 3023 constitutioneS,
1552 2967 1592 3010 a
1621 2945 2237 3030 praedecessoribus
2267 2944 2490 3028 Papae
2520 2943 2845 3010 Bonifacii
2874 2944 3057 3011 VIII.

387 3047 548 3128 «post
593 3043 1101 3127 publicationem
1162 3043 1564 3110 collectionis
1612 3043 2060 3125 Gregorianae
2120 3043 2296 3108 circa
2353 3041 2618 3107 modum
2663 3042 3060 3126 procedendi

387 3141 465 3207 -in
512 3142 726 3207 causis
772 3141 1123 3207 haereseos
1171 3141 1449 3207 emissae
1467 3192 1482 3220 ‚
1545 3145 1870 3224 quatenus
1929 3140 2505 3207 constitutionibus
2523 3189 2538 3218 ,
2600 3160 2799 3224 super
2858 3160 2938 3205 ea
2979 3161 3059 3207 re

394 3240 464 3305 in
508 3240 706 3305 Libro
755 3239 958 3306 Sexto
1006 3243 1076 3305 et
1121 3240 1513 3325 praesertim
1558 3239 1627 3304 in
1673 3260 1728 3305 6.
1780 3242 1884 3306 20.
1935 3240 2016 3304 (16
2060 3239 2310 3305 haeret.
2360 3239 2441 3305 V.
2494 3241 2553 3305 2.
2602 3238 2863 3315 relatiS,
2926 3260 3060 3304 non

397 3337 874 3405 contradicunt.
924 3338 1104 3415 Quae
1128 3337 1631 3404 constitutiones
1654 3337 1815 3402 item
1845 3358 1963 3421 per
1996 3336 2515 3419 designationem
2545 3336 2867 3402 materiae
2897 3357 3060 3403 suae

395 3440 781 3502 reservatae
828 3440 982 3503 sunt
1026 3436 1094 3501 in
1140 3437 1249 3502 cit.
1291 3457 1432 3520 cap.
1469 3439 1573 3501 20.
1609 3434 1646 3517 ἓ
1683 3436 2162 3501 Constitutiones
2207 3457 2369 3501 vere.
2420 3434 2501 3500 de
2546 3434 2796 3501 haeret.
2831 3435 2911 3499 V.
2950 3437 3011 3501 2.
3032 3432 3060 3472 ⁴

580 3613 598 3646 1
638 3612 892 3679 Poenae,
930 3610 1172 3678 Regesta
1207 3609 1425 3663 Pontiff.
1464 3610 1692 3674 nomm„
1729 3595 1944 3663 v01.'11.
1983 3627 2036 3678 p.
2079 3609 2232 3662 1746.
2270 3627 2321 3662 n.
2362 3608 2569 3663 21628.

579 3691 600 3725 ²
638 3690 747 3745 cfr.
787 3691 878 3745 cit.
918 3691 1127 3745 collect.
1167 3690 1328 3758 Prag.
1383 3708 1499 3760 cap.
1537 3690 1659 3744 49.:
1712 3691 1913 3743 Habito
1965 3706 2083 3741 cum
2130 3691 2428 3757 fratribus,
2481 3688 2624 3758 apud
2663 3690 2905 3756 Schulte,
2955 3686 3059 3742 Die

396 3768 738 3834 Decretalen,
774 3770 810 3824 1.
851 3788 896 3824 c.
936 3790 987 3841 p.
1028 3771 1147 3825 743.
1187 3787 1269 3838 sq.

579 3852 600 3885 ³
637 3850 722 3903 Ita
757 3853 996 3905 testatur
1032 3851 1105 3918 gl.
1146 3851 1215 3904 ad
1251 3850 1343 3904 cit.
1383 3867 1499 3921 cap.
1537 3869 1592 3904 v.
1636 3851 1930 3923 Clementis,
1971 3849 2184 3903 dicens:
2229 3848 2432 3915 „Quam
2477 3849 2575 3918 (sc.
2615 3847 3059 3902 constitutionem

399 3929 583 3999 Papae
623 3929 940 3999 Clementis)
983 3949 1089 3984 non
1126 3930 1405 3996 habemus,
1444 3931 1541 3984 sed
1579 3931 1698 4001 ejus
1735 3932 1973 3984 mentem
2009 3929 2099 3984 hic
2135 3929 2329 3983 inserit
2343 3950 2355 3993 ;
2404 3932 2460 3983 et
2494 3928 2815 3998 incipiebat:
2854 3928 3057 3982 Habito

391 4027 524 4063 cum
560 4009 824 4064 fratribus
860 4011 1063 4064 nostris
1101 4011 1373 4065 consili0.“

400 4138 403 4139 γ
579 4097 597 4124 ”·
639 4091 806 4144 Porro
843 4091 918 4159 gl.
959 4092 1028 4145 ad
1066 4090 1269 4145 bullam
1305 4091 1691 4162 publicationis
1714 4110 1769 4145 v.
1795 4100 2142 4145 reservantur
2177 4093 2350 4161 putat,
2389 4090 2496 4144 huc
2522 4089 2865 4158 aliquatenus
2890 4088 3058 4142 etiam

397 4170 712 4223 referendas
751 4188 872 4224 esse
908 4170 1033 4224 illas
1070 4172 1253 4241 Papae
1290 4175 1571 4239 Bonifacii
1607 4173 1760 4225 VIII.
1800 4171 2231 4234 constitutiones,
2271 4169 2467 4238 quibus
2505 4170 2594 4224 hic
2630 4169 2894 4238 quasdam
2934 4186 3059 4223 con·

398 4250 674 4304 cessiones
710 4249 856 4304 circa
893 4250 1183 4305 obtinenda
1219 4252 1481 4306 beneficia
1518 4251 1894 4306 ecclesiastica
1907 4294 1919 4315 ‚
1966 4270 1998 4305 a
2037 4251 2152 4306 suis
2188 4249 2696 4321 praedecessoribus
2733 4249 2927 4313 factaS,
2967 4250 3057 4303 ab·

398 4333 707 4398 rogaverat.
781 4330 1042 4384 Attamen
1091 4332 1296 4400 absque
1334 4332 1627 4386 sufficienti
1677 4333 1904 4386 ratione.
1979 4332 2118 4385 Nam
2156 4349 2252 4402 per
2288 4331 2591 4401 praefatam
2641 4329 2847 4383 bullam
2885 4330 3058 4400 publi·

398 4410 629 4465 cationis
666 4410 816 4464 Libri
852 4410 1006 4464 Sexti
1039 4411 1191 4481 Papa
1225 4412 1541 4466 Bonifacius
1565 4412 1714 4466 VIII.
1751 4413 2126 4466 tantummodo
2163 4429 2384 4466 suorum
2420 4411 2897 4481 praedecessorum
2935 4428 3058 4464 con·

399 4490 713 4545 stitutiones
750 4494 807 4544 et
844 4491 1159 4555 decretales,
1199 4509 1338 4560 quae
1375 4492 1433 4546 in
1469 4492 1631 4546 Libro
1667 4491 1836 4546 Sexto
1871 4510 1973 4546 nec
2007 4492 2248 4546 insertae
2282 4509 2385 4545 nec
2420 4493 2735 4545 reservatae
2771 4493 2903 4544 sunt
2918 4533 2930 4554 ‚
2967 4509 3057 4544 ne-

401 4586 674 4638 quaquam
712 4574 894 4625 autem
930 4589 1058 4625 suas
1093 4571 1268 4641 ipsius
1306 4572 1723 4627 constitutiones
1760 4575 1817 4626 et
1854 4573 2155 4626 decretales
2192 4571 2445 4639 abrogari
2479 4570 2683 4635 voluit3
2733 4569 2838 4624 hae
2888 4570 3059 4638 igitur

401 4648 722 4719 simpliciter
758 4650 815 4704 in
852 4651 1144 4718 originario
1180 4653 1368 4706 valore
1406 4671 1504 4707 suo
1543 4655 1974 4723 permanserunt,
2012 4652 2145 4706 licet
2178 4652 2235 4706 in
2273 4652 2435 4706 Libro
2461 4651 2627 4706 Sexto
2663 4668 2766 4704 nec
2799 4650 3057 4716 insertae,

400 4746 500 4781 nec
536 4733 852 4784 reservatae
888 4731 1014 4786 sint.
1066 4734 1295 4802 Schultey
1333 4733 1434 4787 Die
1458 4733 1800 4797 Decretalen,
1838 4733 1873 4786 1.
1914 4750 1959 4786 6.
1998 4751 2049 4802 p.
2091 4734 2211 4787 795.
2250 4750 2362 4802 sq.;
2401 4734 2565 4801 Idem,
2601 4731 2703 4785 Die
2729 4729 3058 4785 Geschichte

402 4807 498 4861 der
536 4806 778 4873 Quellen,
815 4813 944 4864 tom.
983 4812 1051 4866 II.
1090 4830 1141 4882 p.
1177 4814 1266 4868 40.
1305 4830 1427 4881 sqq.
2170 4849 2180 4859 ·
