3355 5328
1031 1300 2395 1410 CONSPEOTUS.

1605 1537 1813 1544 ——-.

1176 1679 2241 1786 PROLEGOMENA.

430 1883 891 1953 Definitio
949 1888 1679 1959 introductionis
1736 1893 1828 1959 in
1889 1891 2223 1978 Corpus
2272 1892 2525 1978 juris
2583 1896 2995 1963 canonici

1182 1992 1270 2077 e‘t
1327 2014 1725 2097 partitio
1782 2015 2244 2082 materiae.
2934 2113 2970 2152 P

529 2206 541 2218 .
598 2164 700 2218 Jus
763 2207 775 2220 .

528 2286 539 2297 .
597 2244 632 2298 J
634 2263 701 2299 us
737 2246 1054 2301 canonicum
1080 2289 1093 2302 .

528 2365 540 2377 .
597 2324 805 2396 Corpus
835 2326 976 2397 juris
1013 2328 1259 2383 canonici
1562 2371 1574 2384 .
1723 2373 1735 2384 .

529 2447 540 2458 .
596 2405 931 2461 Introductio
968 2407 1026 2460 in
1066 2407 1272 2479 Corpus
1304 2409 1446 2480 juris
1483 2411 1730 2465 canonici

526 2527 537 2538 .
595 2484 827 2540 Partitio
865 2487 1126 2542 materiae
1237 2531 1248 2543 .

381 2163 418 2550 ememememem

488 2165 525 2538 ΦῖιρωῑὉι-ι

2999 2124 3042 2547 *spectet-²20

1502 2720 1915 2728 ———-——

1288 2916 1614 3032 PARS
1691 2917 2122 3030 PRIMA.

1080 3127 1693 3214 nummum
1747 3126 2321 3212 GRATIANI.

1384 3457 1641 3531 CAPUT
1687 3456 2022 3531 PRIMUM,

374 3629 514 3703 Ejus
565 3630 805 3688 materia
841 3633 899 3688 et
936 3645 1201 3703 praesens
1252 3628 1451 3687 divisio
1502 3631 1670 3700 atque
1719 3627 1987 3685 nonnulla
2038 3628 2104 3686 de
2140 3628 2360 3687 ratione
2407 3629 2590 3704 ipsum
2637 3628 2878 3702 citandi,
2917 3632 3036 3687 tum

625 3733 709 3791 ea,
749 3733 888 3790 quae
924 3732 1070 3775 nunc
1107 3717 1457 3787 observatur,
1497 3719 1615 3773 tum
1650 3714 1775 3786 illa,
1815 3730 1955 3786 quae
1992 3714 2124 3772 olim
2162 3716 2456 3774 observari
2494 3716 2798 3776 consuevit.

376 3854 409 3921 ἓ
484 3855 534 3909 6.
586 3853 805 3908 Decreti
831 3853 1079 3908 Gratiani
1114 3850 1344 3906 materia
1382 3854 1438 3905 et
1474 3868 1736 3921 praesens
1775 3849 1971 3904 divisio
2009 3855 2174 3919 atque
2213 3852 2471 3906 nonnulla
2509 3853 2575 3905 de
2612 3851 2821 3906 ratione

589 3934 769 4005 ipsum
806 3933 1026 3998 citandi,
1065 3950 1203 4002 quae
1240 3949 1386 3985 nunc
1422 3932 1943 3985 observatur..
2328 3974 2338 3985 .
2488 3975 2499 3986 .
2648 3975 2659 3986 .
2808 3975 2819 3986 .
3002 3934 3036 3988 5

375 4014 409 4081 ξ
484 4015 532 4068 7.
588 4013 860 4067 Nonnulla
898 4014 964 4067 de
1000 4012 1208 4066 ratione
1245 4012 1538 4066 Decretum
1575 4009 1796 4073 citandi,
1836 4027 1975 4077 quae
2013 4012 2143 4063 olim
2179 4011 2459 4065 observari
2497 4012 2819 4066 consuevit
3003 4015 3035 4067 9

1322 4194 1577 4267 CAPUT
1623 4193 2070 4267 SECUNDUM.

774 4360 984 4416 Auctor
1018 4358 1185 4433 hujus
1222 4358 1407 4433 operis
1445 4362 1613 4431 atquc
1649 4357 1771 4430 ejus
1809 4358 2114 4416 adornandi
2152 4374 2290 4417 ansa
2326 4362 2384 4417 ct
2420 4358 2629 4417 modus.

374 4495 408 4562 ξ
480 4495 531 4549 8.
587 4495 794 4549 Auctor
830 4493 994 4564 hujus
1031 4494 1209 4564 operis
1356 4536 1368 4548 .
1517 4536 1528 4547 .
1841 4536 1852 4547 .
2000 4534 2012 4547 .
2161 4535 2173 4546 .
2324 4535 2336 4546 .
2484 4534 2496 4546 .
2646 4535 2656 4546 .
2806 4536 2817 4547 .
2967 4494 3035 4548 10

374 4575 408 4642 ξ
481 4577 531 4629 9.
587 4574 765 4645 Hujus
803 4573 982 4644 operis
1018 4591 1051 4627 a
1089 4574 1350 4629 Gratiano
1387 4572 1687 4628 adornandi
1723 4591 1857 4628 ansa
1895 4575 1951 4627 et
1986 4573 2178 4627 modus
2215 4571 2521 4640 generatim
2645 4614 2657 4626 .
2807 4615 2817 4626 .
2967 4574 3030 4627 11

375 4655 408 4722 ἓ
450 4656 531 4710 10.
589 4654 749 4709 Dicta
788 4654 1038 4709 Gratiani
1074 4657 1131 4708 et
1166 4654 1307 4709 ratio
1345 4672 1411 4709 ea
1448 4652 1653 4708 citandi
1688 4671 1833 4707 nunc
1871 4656 1927 4707 et
1963 4652 2092 4707 olim
2128 4653 2336 4707 usitata
2483 4694 2495 4706 .
2644 4694 2658 4707 .
2806 4695 2818 4706 .
2968 4653 3035 4706 12

374 4735 408 4802 ξ
449 4736 530 4789 11.
587 4733 977 4799 Auctoritatem,
1004 4735 1200 4803 quibus
1227 4734 1523 4789 Gratianus
1549 4733 1695 4787 dicta
1719 4751 1820 4787 sua
1846 4733 2144 4796 confirmat,
2172 4736 2229 4787 et
2255 4733 2499 4802 quidem.
2538 4733 2605 4787 A.
2631 4749 2822 4786 sacrae

587 4832 688 4870 seu
725 4814 1130 4869 ecclesiasticae
1195 4857 1207 4869 .
1355 4856 1367 4869 .
1516 4856 1526 4867 .
1675 4855 1689 4868 .
1837 4855 1848 4867 .
1996 4854 2009 4867 .
2158 4855 2169 4866 .
2319 4855 2329 4866 .
2480 4855 2492 4866 .
2642 4854 2654 4866 .
2805 4853 2817 4866 .
2968 4813 3036 4866 14
