3355 5328
1389 313 1569 384 ‘seotio
1604 330 1700 385 Ν.
1752 330 1786 397 5
1826 331 1945 385 118.
2896 334 2999 389 185

337 488 893 570 comprehendens
915 536 930 566 ,
996 489 1361 573 perfectam
1419 488 1489 553 in
1552 490 1749 556 rebus
1809 490 2082 572 agendis
2144 491 2426 557 formam
2490 492 2742 559 tribuat
2802 498 2871 560 et
2928 494 2998 559 in

334 584 627 650 moribus
673 585 1101 670 disciplinam.

527 683 703 761 „Nec
761 684 903 750 sine
964 706 1165 750 causa
1222 705 1473 750 morem
1533 685 2114 769 praedecessorum
2171 691 2547 753 nostrorum
2615 688 2785 772 (qui,
2850 712 2997 756 cum

338 780 841 849 constitutiones
887 782 1142 865 aliquas
1187 783 1696 867 promulgabant
1742 783 2004 850 noviter
2021 834 2036 862 ,
2100 806 2214 850 eas
2261 786 2665 853 mandabant
2711 787 2831 853 sub
2880 810 2997 854 an-

334 876 668 960 tiquarum
713 879 884 946 serie
930 880 1241 963 situari)¹
1304 880 1639 946 omisimus
1685 881 1754 947 in
1802 882 1927 947 hac
1986 885 2178 966 parte
2236 903 2539 962 servare3
2600 886 2763 951 haec
2824 886 2996 951 enim

334 975 646 1057 fecimuS‚
700 991 792 1043 'ne
850 978 1140 1045 infinitos
1185 978 1387 1046 libros
1434 979 1685 1045 destrui
1706 978 1754 1057 ²,
1816 984 1885 1046 et
1931 980 2095 1045 alios
2149 1002 2283 1047 non
2326 981 2467 1047 sine
2511 982 2818 1048 maximis
2864 983 2996 1049 dis-

333 1075 607 1159 pendiiS,
656 1075 990 1142 laboribus
1038 1080 1106 1143 et
1154 1076 1460 1161 expensis
1508 1077 1588 1142 de
1635 1098 1807 1143 novo
1852 1077 1995 1143 fieri
2042 1082 2395 1162 oporteret.

522 1172 997 1252 „Universitati
1054 1179 1321 1241 vestrae
1379 1174 1585 1256 igitur
1646 1195 1767 1259 per
1826 1175 2210 1259 Apostolica
2274 1177 2523 1261 scripta
2585 1179 2993 1259 mandamus,

336 1275 662 1353 quatenus
707 1272 945 1338 librum
988 1272 1358 1357 hujusmodi
1405 1294 1554 1338 cum
1584 1273 1796 1339 multa
1823 1273 2212 1340 maturitate
2250 1274 2598 1357 digestum,
2650 1297 2843 1359 quem
2874 1278 2994 1342 sub

333 1368 513 1433 bulla
576 1373 807 1437 nostra
862 1371 1052 1436 vobis
1109 1369 1623 1437 transmittimus
1641 1421 1656 1450 ,
1719 1374 2024 1455 prompto
2085 1371 2515 1456 suscipientes
2576 1375 2816 1440 affectu
2834 1424 2849 1453 ,
2917 1396 2993 1440 eo

334 1466 611 1532 utamini
658 1468 739 1533 de
784 1471 1046 1536 caetero
1075 1470 1100 1509 ³
1144 1468 1214 1534 in
1252 1468 1514 1552 judiciis
1561 1472 1630 1534 et
1674 1468 1744 1534 in
1776 1469 2035 1548 schoIiS,
2083 1470 2299 1535 nullas
2331 1470 2496 1537 alias
2527 1475 2794 1556 praeter
2822 1472 2991 1552 illas,

328 1584 502 1646 quae
547 1565 926 1633 inseruntur
972 1570 1089 1632 aut
1135 1566 1509 1651 specialiter
1547 1570 1977 1633 reservantur
2020 1568 2089 1633 in
2120 1588 2217 1646 eo,
2265 1569 2648 1635 Decretales
2680 1573 2796 1636 aut
2827 1570 2994 1636 Con-

333 1660 712 1729 stitutiones
731 1713 746 1742 ,
809 1685 850 1729 a
895 1664 1385 1747 quibuscunque
1445 1664 1692 1731 nostris
1751 1665 2364 1748 praedecessoribus
2409 1666 2723 1733 Romanis
2768 1668 2995 1735 Ponti-

330 1759 560 1825 ficibus
596 1765 747 1845 post
778 1762 1130 1828 editionem
1175 1762 1333 1829 dicti
1362 1762 1713 1828 voluminis
1740 1767 1765 1799 ⁴
1809 1764 2286 1847 promulgatas,
2334 1766 2666 1850 recepturi
2695 1766 2991 1845 ulteriuS,

334 1862 450 1924 aut
494 1878 614 1942 pro
659 1860 1115 1927 Decretalibus
1159 1860 1504 1928 habituri.“

1218 2111 1539 2199 CAPUT
1595 2110 2096 2215 QUARTUM.

1096 2289 1592 2374 Character
1644 2299 1898 2373 Libri
1954 2300 2237 2374 Sexti.

1182 2496 1222 2583 ξ
1268 2494 1390 2566 118.
1485 2495 1898 2565 Considerati
1942 2497 2014 2565 in
2061 2516 2153 2565 se.

509 2657 693 2736 Quod
751 2660 835 2726 ad
895 2661 1343 2728 characterem
1388 2658 1568 2725 Libri
1617 2659 1803 2727 Sexti
1863 2662 2122 2744 spectat
2140 2709 2155 2738 ,
2218 2662 2321 2725 est
2379 2658 2547 2724 liber
2604 2656 2710 2724 hic
2728 2709 2743 2737 ,
2806 2657 2904 2725 uti
2952 2679 2989 2723 e

327 2757 636 2840 praefata
678 2759 857 2824 bulla
902 2758 1393 2843 publicationis:
1442 2761 1901 2825 Sacrosanctae
1947 2759 2179 2836 elucet,
2230 2756 2526 2823 collectio
2567 2757 2734 2839 juris
2781 2757 2989 2822 eccle-

330 2853 581 2921 siastici
643 2856 903 2940 publica
961 2878 1079 2922 seu
1139 2848 1520 2923 authentica
1538 2906 1552 2935 ,
1616 2861 1685 2922 et
1745 2856 2006 2939 quidem
2065 2854 2458 2921 universalis
2517 2876 2633 2920 seu
2692 2877 2811 2939 pro
2857 2855 2987 2920 Ec-

331 2953 532 3019 clesia
576 2953 886 3020 universa
932 2954 1131 3034 edita,
1179 2955 1278 3022 ita
1323 2959 1399 3021 ut

514 3054 570 3118 1.
619 3052 1122 3119 constitutiones
1168 3053 1254 3118 ad
1299 3053 1587 3135 aliquam
1617 3052 1985 3131 materiam,
2033 3051 2371 3118 Ecclesiae
2408 3051 2790 3135 subJ'ectam,
2838 3072 2989 3135 per-

325 3148 616 3216 tinentes
634 3200 648 3229 ,
708 3150 949 3216 ibidem
1008 3150 1265 3235 positae
1325 3150 1703 3233 (insertae),
1767 3171 1809 3216 a
1864 3171 2271 3233 quocumque
2330 3148 2776 3232 originetenus
2835 3172 2990 3234 pro-

325 3248 633 3314 venerint
648 3298 666 3327 ,
725 3249 1019 3314 valorem
1064 3248 1233 3332 legis
1279 3248 1765 3315 ecclesiasticae
1810 3248 2202 3315 universalis
2247 3248 2537 3313 habeant
2553 3297 2568 3325 ,
2629 3247 2725 3313 ita
2742 3298 2756 3325 ,
2807 3267 2885 3312 ac
2931 3247 2989 3312 si

328 3345 775 3428 originetenus
822 3368 864 3413 a
893 3346 1078 3431 Papa
1107 3346 1447 3413 Bonifacio
1492 3347 1672 3413 VIII.
1723 3350 1792 3412 et
1836 3369 1955 3431 pro
1985 3345 2285 3412 Ecclesia
2330 3345 2640 3410 universa
2686 3344 2988 3411 conditae

324 3442 591 3523 fuerint,
627 3446 855 3511 eadem
886 3445 1162 3524 ratione,
1204 3466 1282 3510 ac
1312 3466 1513 3529 supra
1543 3445 1666 3511 hoc
1697 3448 2003 3528 respectu
2035 3444 2115 3509 de
2147 3443 2530 3510 collectione
2562 3442 2986 3508 decretalium

326 3541 548 3626 Papae
597 3542 896 3624 Gregorii
940 3543 1053 3610 IX.
1104 3543 1351 3609 dictum
1397 3546 1520 3610 est.

508 3640 865 3707 Praeterea
912 3645 1134 3707 autem
1340 3656 1347 3660 ’

507 3741 567 3804 2.
617 3738 818 3804 etiam
863 3738 1016 3805 illae
1063 3738 1564 3805 constitutiones
1611 3742 1680 3805 et
1727 3738 2090 3804 decretales
2121 3736 2511 3821 pontificiae,
2561 3758 2728 3820 quae
2758 3736 2826 3802 in
2861 3737 2985 3803 hoc

323 3834 521 3901 Libro
570 3835 772 3902 Sexto
830 3857 963 3901 non
1023 3836 1283 3920 quidem
1341 3837 1533 3920 plene
1593 3856 1711 3902 seu
1770 3857 1888 3920 per
1942 3840 2288 3902 extensum
2333 3838 2575 3901 relatae
2620 3834 2983 3918 (insertae),

512 4014 528 4046 ¹
569 4009 656 4064 Gl.
695 4011 765 4064 ad
800 4010 854 4064 h.
892 4010 1023 4065 bull.
1062 4029 1117 4065 v.
1146 4013 1617 4079 praedecessorum
1641 4011 1712 4064 ad
1736 4010 1873 4064 haec
1908 4012 2080 4075 notat,
2117 4012 2181 4064 ut
2215 4009 2492 4077 sequitur:
2536 4010 2865 4076 „Innocentii
2888 4010 2987 4069 IV.

327 4092 386 4144 et
422 4090 674 4158 Gregorii
708 4091 805 4155 X.;
858 4091 1196 4162 scripserunt
1232 4090 1376 4145 enim
1412 4091 1470 4145 hi
1504 4091 1563 4145 in
1598 4090 1888 4161 prooemiis
1924 4090 2041 4144 suis
2092 4088 2402 4145 doctoribus
2439 4093 2496 4144 et
2530 4090 2885 4155 scholaribuS,
2923 4093 2988 4145 ut

327 4169 649 4234 decretales,
687 4188 825 4240 quas
861 4171 1167 4237 mittebant,
1205 4173 1307 4226 sub
1344 4171 1461 4226 suis
1496 4170 1695 4236 titulis,
1732 4173 1893 4241 prout
1930 4169 2335 4240 exprimebatur
2357 4169 2417 4223 in
2450 4169 2602 4241 ipsis,
2640 4170 2806 4224 inseri
2841 4170 2985 4224 face·

325 4253 476 4315 rent3
532 4251 676 4305 unde
714 4250 936 4320 quidam
985 4251 1260 4306 faciebant
1294 4251 1444 4322 ipsas
1482 4250 1649 4306 scribi
1697 4251 1756 4305 in
1791 4251 1898 4305 fine
1934 4250 2218 4315 titulorum
2270 4249 2666 4320 compilationis
2705 4249 2984 4317 Gregorii;

325 4333 384 4384 et
418 4330 514 4384 isti
550 4331 847 4385 servabant
881 4333 1213 4386 mandatum.
1290 4331 1520 4397 Quidam
1556 4330 1835 4385 faciebant
1870 4332 1937 4385 de
1974 4331 2054 4385 eis
2090 4330 2396 4394 volumina3
2436 4333 2492 4384 et
2526 4329 2623 4384 isti
2656 4347 2765 4383 non
2799 4347 2985 4384 serva-

323 4409 460 4465 bant
493 4412 811 4465 mandatum
845 4411 1103 4482 ipsorum,
1140 4415 1204 4466 ut
1238 4411 1329 4467 hic
1364 4413 1564 4483 patet.“
1621 4411 1800 4477 Quare
1835 4429 1944 4465 non
1978 4410 2218 4481 potuerit
2252 4410 2551 4464 universim
2587 4410 2723 4464 haec
2758 4408 2984 4463 insertio

323 4507 591 4546 novarum
628 4490 983 4545 decretalium
1018 4491 1153 4554 fieri,
1192 4509 1257 4545 ea
1295 4492 1362 4545 de
1398 4509 1458 4546 re
1495 4491 1594 4545 cfr.
1634 4508 1803 4561 supra
1839 4509 1891 4561 p.
1934 4492 2053 4546 166.

506 4573 528 4606 ²
562 4571 651 4625 Ad
688 4571 831 4639 quod
867 4572 942 4639 gl.
981 4572 1050 4625 ad
1087 4570 1141 4625 h.
1179 4571 1311 4625 bull.
1350 4589 1404 4625 v.
1441 4574 1685 4638 infinitos
1720 4571 1978 4625 observat
2014 4569 2229 4625 dicens:
2291 4570 2525 4636 „Omnes
2561 4569 2774 4624 scilicet
2809 4569 2984 4624 editos

322 4653 452 4705 ante
489 4650 652 4722 hujus
689 4649 815 4705 libri
850 4650 1332 4721 compilationem.“

508 4733 529 4766 ³
564 4732 606 4785 Ι.
645 4749 709 4797 6.,
747 4732 938 4786 amodo
976 4749 1075 4786 seu
1109 4731 1169 4785 in
1205 4732 1405 4786 futuro.
1481 4731 1590 4786 cfr.
1630 4731 1706 4800 gl.
1745 4732 1845 4786 sub
1882 4750 1937 4786 v.
1977 4734 2042 4785 de
2078 4739 2300 4786 caetero.

503 4811 529 4847 ⁴
565 4810 652 4866 Gl.
691 4812 760 4866 ad
797 4811 852 4865 h.
890 4811 1022 4866 bun.
1061 4830 1116 4866 v.
1154 4814 1474 4865 voluminis:
1514 4811 1768 4877 „Scilicet
1804 4811 2203 4883 compilationis
2241 4810 2493 4879 Gregorii
2528 4811 2654 4865 IX.“
