3355 5328
341 305 446 365 170
1142 306 1280 361 Pars
1317 307 1384 362 H.
1437 305 1797 361 collectiones
1832 305 2199 362 decretalium.

519 466 684 535 Sunt
715 472 937 535 autem
967 468 1085 534 illa
1112 468 1539 536 decretalium
1571 471 1640 535 et
1671 466 2211 535 constitutionum
2239 466 2460 551 Papae
2490 462 2853 531 Innocentii
2882 463 2996 531 IV'.

337 567 530 631 initia
573 564 931 632 universim
963 567 1069 646 54,
1118 587 1395 649 quorum
1428 565 1691 650 quidem
1721 568 1807 632 42
1841 565 1926 633 ad
1968 564 2330 633 decretales
2377 564 2447 628 et
2476 559 2997 640 constitutiones,

329 663 469 747 jam
513 663 583 733 in
629 663 1011 733 collectione
1058 685 1259 748 supra
1307 664 1428 730 sub
1473 686 1537 731 n.
1585 664 1670 731 Π.
1720 663 2008 730 adducta
2065 660 2570 745 comprehensas
2587 708 2605 739 ,
2666 663 2736 726 et
2787 661 2868 729 12
2915 659 3001 724 ad

336 761 503 827 alias
559 760 911 846 pertinent.
1013 763 1211 828 Tituli
1268 765 1490 829 autem
1509 810 1525 841 ,
1586 761 1656 831 in
1717 760 1949 843 quibus
2007 759 2168 827 illae
2221 758 2586 827 decretales
2641 761 2711 825 et
2755 756 3000 823 consti-

334 859 626 928 tutiones
673 858 1039 928 collectioni
1071 859 1521 942 Gregorianae
1556 858 1945 927 inserendae
1992 861 2204 936 erant,
2253 853 2630 923 summatim
2663 856 2750 922 33
2780 858 2997 921 sunt.
2955 853 2977 894 ¹

260 1070 268 1078 ’
339 1059 379 1147 ξ
428 1058 531 1129 99.
625 1026 936 1128 collectio
999 1057 1434 1127 decretalium
1494 1058 1564 1126 et
1622 1001 2165 1127 constitutionum
2208 1056 2434 1143 Papae
2476 1055 2821 1124 Innocenti
2863 1054 2999 1138 IV„

1237 1165 1306 1232 et
1353 1163 1641 1250 quidem.
1688 1163 1764 1230 Β.
1809 1162 2098 1251 privata.

515 1326 792 1393 Praeter
836 1347 1035 1411 supra
1081 1323 1146 1408 (ἓ
1187 1323 1322 1407 98.)
1367 1328 1772 1390 memoratas
1818 1323 1950 1390 alia
1997 1322 2198 1390 etiam
2243 1323 2528 1391 innotuit
2574 1323 3000 1390 decretalium

337 1429 407 1491 et
466 1423 1006 1491 constitutionum
1050 1424 1272 1508 Papae
1318 1419 1684 1489 Innocentii
1729 1422 1843 1488 IV.
1893 1421 2191 1488 collectio
2209 1472 2225 1501 ‚
2286 1422 2549 1507 privato
2609 1421 2828 1490 studio
2883 1422 2999 1488 ad-

336 1526 574 1589 ornata
598 1518 643 1589 ².
723 1521 901 1598 Quae
948 1519 1269 1600 collectio,
1313 1520 1381 1585 in
1419 1523 1504 1585 33
1551 1520 1782 1587 titulos
1814 1519 2046 1600 divisa,
2096 1519 2588 1605 comprehendit
2635 1521 2999 1589 decretales

337 1625 405 1686 et
466 1618 967 1686 constitutiones
1016 1620 1097 1684 59
1119 1669 1133 1696 ,
1196 1639 1233 1684 e
1290 1617 1521 1701 quibus
1566 1623 1793 1685 tamen
1837 1639 1969 1685 una
1986 1668 2003 1697 ,
2065 1617 2169 1684 tit.
2218 1618 2362 1684 IX.:
2426 1621 2505 1685 de
2560 1621 2825 1684 arbitris
2879 1619 2999 1689 sub

335 1740 400 1785 ιι.
455 1720 593 1785 16.;
659 1718 976 1802 Continqit
1034 1718 1358 1782 interdum
1419 1716 1704 1782 adducta
1722 1766 1736 1795 ‚
1799 1715 2062 1801 proprie
2115 1738 2249 1782 non
2295 1720 2398 1783 est
2443 1716 2570 1782 nisi
2616 1737 2757 1802 cap.
2807 1717 2869 1782 8.
2916 1716 2997 1784 X.

338 1816 419 1883 de
466 1814 693 1882 arbitr.
742 1815 793 1881 I.
844 1816 973 1894 43„
1022 1819 1090 1880 et
1135 1812 1286 1879 hinc
1331 1813 1706 1880 nullatenus
1751 1814 1878 1880 huc
1924 1813 2234 1899 pertinet.

342 2099 347 2105 .
426 2006 467 2094 ξ
514 2003 655 2074 100.
745 2005 1157 2095 Interpretes
1205 2007 1274 2074 et
1318 2005 1727 2094 glossatores
1775 2003 2211 2074 decretalium
2258 2005 2327 2071 et
2373 2004 2911 2073 constitutionum

1265 2111 1486 2199 Papae
1532 2110 1904 2179 Innocentii
1948 2109 2061 2178 IV.

515 2271 802 2382 Quarum
849 2271 1274 2338 decretalium
1321 2274 1390 2337 et
1432 2270 1974 2337 constitutionum
2002 2270 2225 2354 Papae
2255 2269 2618 2336 Innocentii
2648 2270 2761 2336 IV.
2796 2270 3000 2354 pluri-

333 2391 479 2436 mas
536 2369 664 2434 viri
724 2369 961 2436 eruditi
1021 2368 1508 2436 commentariis
1570 2369 2099 2455 explanaverunt
2146 2371 2214 2435 et
2263 2367 2465 2434 etiam
2512 2368 2997 2491 glossaverunt,

342 2472 412 2535 et
459 2467 718 2550 quidem
763 2467 1150 2534 nominatim

521 2568 578 2633 1.
625 2567 809 2650 Papa
839 2567 1246 2632 Innocentius
1275 2565 1447 2632 IV.
1428 2587 1589 2650 lpse,
1631 2565 1701 2630 in
1732 2586 1851 2631 suo
1879 2564 2184 2650 praefato
2217 2567 2542 2648 apparatu
2572 2585 2769 2649 super
2800 2563 2999 2641 Quin-

335 2686 463 2747 que
525 2662 740 2731 Libris
784 2663 1232 2732 Decretalium
1252 2715 1267 2744 ,
1331 2670 1484 2750 post
1545 2663 1920 2731 absolutum
1965 2662 2323 2730 Concilium
2382 2663 2690 2747 generale
2734 2662 2999 2745 Lugdu-

335 2783 539 2829 nense
583 2764 634 2830 Ι.
681 2762 984 2845 Lugduni
1031 2767 1308 2830 exarato
1333 2759 1380 2841 ⁸,
1441 2762 1511 2829 in
1558 2784 1686 2846 quo
1734 2783 1888 2828 suas
1936 2761 2301 2828 decretales
2348 2766 2417 2828 et
2477 2759 2996 2840 constitutioneS‚

336 2882 504 2944 quae
559 2861 627 2925 in
686 2860 893 2946 ipsius
954 2861 1369 2941 collectione,
1432 2883 1633 2945 supra
1681 2859 1745 2944 (ἓ
1794 2862 1898 2927 98.
1963 2860 2083 2926 sub
2143 2882 2205 2927 n.
2256 2860 2370 2943 H.)
2430 2862 2830 2938 memorata,
2894 2882 2999 2925 re-

334 2959 637 3025 feruntur
659 3008 674 3037 ,
741 2959 1109 3026 collectioni
1174 2960 1606 3026 decretalium
1667 2960 1891 3043 Papae
1963 2957 2266 3041 Gregorii
2325 2958 2438 3025 IX.
2504 2960 2624 3024 sub
2691 2959 2998 3040 congruis

334 3055 546 3122 titulis
600 3057 905 3136 insertas,
956 3057 1284 3141 exposuit.
2801 3049 2802 3052 ¹

515 3157 574 3220 2.
636 3154 857 3238 Papae
917 3156 1272 3222 Innocentii
1316 3157 1435 3223 IV.
1500 3156 1880 3240 capellanus
1903 3205 1917 3233 ‚
1985 3155 2363 3221 Bernardus
2411 3153 2995 3239 CompostellanuS,

336 3254 768 3334 cognomento
801 3254 1051 3338 junior,
1103 3253 1214 3336 qui
1258 3274 1390 3321 non
1435 3255 1648 3320 solum
1694 3254 1889 3323 modo
1922 3251 2168 3319 dictum
2201 3256 2593 3338 apparatum
2634 3253 2856 3338 Papae
2889 3254 2996 3318 In·

334 3353 606 3415 nocentii
635 3352 752 3417 IV.
800 3350 869 3415 in
915 3351 1367 3435 compendium
1413 3352 1705 3434 redegit,
1771 3371 2004 3417 verum
2064 3350 2266 3417 etiam
2288 3401 2303 3429 ,
2358 3351 2554 3435 idque
2599 3372 2638 3418 e
2681 3351 2996 3417 mandato

333 3447 554 3531 Papae
618 3448 982 3516 Innocentii
1041 3449 1192 3529 IV.,
1253 3449 1457 3534 ipsius
1523 3449 1888 3516 decretales
1953 3454 2021 3515 et
2086 3446 2590 3516 constitutiones
2654 3449 2995 3532 glossavit,

337 3548 406 3612 et
452 3545 711 3627 quidem
756 3546 1007 3631 pariter
1038 3547 1409 3614 collectioni
1442 3547 1869 3614 decretalium
1900 3548 2122 3632 Papae
2157 3549 2454 3634 Greqorii
2484 3547 2608 3614 IX.
2641 3546 2929 3614 insertas
2950 3545 2993 3613 ⁴.

514 3646 574 3709 3.
623 3646 946 3711 Hem-icus
1006 3647 1086 3711 de
1129 3646 1391 3732 Seyusio
1451 3667 1570 3712 seu
1625 3647 1985 3711 Hostiensis
2011 3644 2055 3730 ⁵,
2121 3645 2231 3728 qui
2290 3645 2440 3711 illas
2500 3646 2867 3712 decretales
2927 3649 2996 3711 et

336 3741 836 3809 constitutiones
882 3744 1350 3821 commentario
1399 3743 1784 3829 explanavit
1805 3793 1820 3822 ‚
1884 3747 1953 3809 et
2015 3743 2277 3825 quidem
2320 3743 2573 3828 pariter
2631 3742 2998 3809 collectioni

333 3901 521 3952 nostra
559 3898 860 3955 districtius
896 3901 1181 3972 prohibeat
1195 3943 1208 3965 ‚
1257 3919 1327 3955 ne
1365 3900 1488 3970 quis
1525 3900 1740 3970 aliquas
1776 3901 1877 3955 sub
1927 3899 2143 3957 nomine
2179 3903 2363 3954 nostro
2415 3899 2592 3955 editas
2628 3900 2719 3955 vel
2757 3901 2995 3955 edendas

335 3976 393 4030 in
423 3977 644 4048 judiciis
681 3978 772 4032 vel
807 3979 865 4033 in
901 3980 1105 4035 scholis
1142 3980 1399 4035 admittat
1434 3981 1640 4049 absque
1684 3982 1954 4035 mandato·
1976 3979 2123 4034 sedis
2160 3979 2490 4050 apostolicae
2529 3979 2768 4051 speciali.
2842 3979 2996 4034 Prin-

335 4056 477 4127 cipia
527 4077 657 4113 vero
707 4058 923 4113 illarum
972 4063 1104 4115 sunt
1137 4060 1274 4115 haec
1316 4064 1374 4115 et
1407 4059 1467 4114 hi
1516 4078 1703 4114 earum
1752 4060 1929 4125 tituli,
1980 4063 2142 4131 prout
2188 4077 2287 4131 per
2338 4060 2579 4114 ordinem
2628 4060 2996 4130 subscriptum

333 4136 553 4192 videtur
604 4142 660 4193 et
709 4144 1014 4210 competere
1065 4140 1502 4209 dignoscunth
1587 4141 1795 4211 (Sani,
1846 4141 1927 4195 De
1979 4140 2141 4194 claris
2178 4139 2607 4220 archigymnasii
2643 4139 2997 4196 Bononiensis

334 4219 762 4288 professoribus,
812 4223 941 4274 tom.
981 4221 1022 4275 I.
1060 4224 1199 4292 part.
1239 4222 1290 4275 2.
1328 4240 1380 4292 p.
1424 4222 1572 4285 124.;
1634 4224 1895 4290 Theiner,
1945 4219 2255 4289 Disquisitt.
2311 4213 2488 4285 critt„
2538 4239 2590 4290 p.
2628 4221 2713 4275 66.
2766 4223 2876 4274 not.
2914 4220 2996 4285 4.;

338 4299 566 4370 Schulte,
603 4299 705 4353 Die
740 4300 1082 4366 Decretalen,
1120 4300 1157 4355 l.
1197 4319 1243 4356 c.
1282 4320 1334 4371 p.
1375 4303 1495 4357 709.
1534 4300 1641 4370 sq.)

517 4382 535 4414 ¹
574 4379 724 4446 Quae
762 4380 1007 4434 collectio
1045 4380 1332 4435 adducitur
1369 4382 1513 4453 apud
1552 4382 1767 4435 Schulte
1801 4380 1837 4435 1.
1878 4398 1925 4434 c.
1962 4399 2013 4450 p.
2056 4381 2174 4434 710.
2215 4397 2298 4448 sq.

515 4461 536 4495 ²
571 4459 708 4514 Eam
760 4478 790 4513 e
840 4460 1199 4515 bibliothecae
1250 4460 1641 4516 Universitatis
1692 4463 2047 4528 Erlanyensis
2098 4460 2213 4515 cod.
2267 4476 2368 4513 ms.
2426 4458 2585 4528 (mbr.
2632 4477 2684 4513 n.
2732 4459 2856 4513 464.
2904 4458 2978 4513 fol

335 4554 476 4593 saec.
516 4539 686 4609 XIV.)
729 4540 1023 4596 summarie
1067 4540 1314 4596 exhibuit
1351 4543 1564 4596 Schulte
1599 4540 1636 4596 l.
1675 4559 1722 4596 c.
1761 4560 1813 4611 p.
1854 4540 1973 4595 762.
1976 4540 2171 4595 -764,

516 4621 537 4654 ³
576 4619 688 4674 cfr.
727 4621 792 4675 de
830 4639 892 4675 eo
930 4639 1096 4693 supra
1132 4640 1184 4691 p.
1227 4622 1346 4676 169.
1383 4625 1494 4676 not.
1534 4622 1584 4676 3.

513 4701 537 4735 4
576 4701 789 4754 Schulte
823 4702 861 4756 l.
901 4719 945 4756 c.
972 4720 1024 4771 p.
1054 4702 1174 4756 761.
1201 4718 1352 4770 sqq.;
1391 4704 1556 4772 Idm,
1593 4700 1695 4755 Die
1736 4699 2066 4755 Geschichte
2104 4700 2199 4754 der
2226 4671 2469 4766 Quellen‚
2506 4702 2636 4754 tom.
2675 4699 2743 4754 11.
2782 4718 2835 4770 Ρ.
2878 4700 2996 4755 119.

520 4781 540 4815 ⁵
579 4779 689 4835 cfr.
728 4798 894 4851 supra
930 4800 981 4852 p.
1024 4782 1142 4836 161.
