3355 5328
1337 294 1514 365 Caput
1550 295 1696 349 VIII.
1750 295 1783 364 ξ
1822 296 1907 351 53.
2881 299 2947 353 87

880 487 920 574 ξ
968 485 1069 555 53.
1161 489 1432 558 Utilitas
1482 489 1687 558 studii
1734 490 2000 559 Decreti
2048 488 2371 556 Gratiani.

468 655 576 720 Ex
621 655 955 739 hucusque
1004 657 1195 725 dictis
1243 661 1475 740 elucet,
1523 662 1879 726 Decretum
1927 658 2244 736 Gratiani,
2296 657 2452 722 licet
2496 655 2949 722 tantummodo

290 772 454 835 opus
511 753 845 836 privatum
892 755 1010 833 sit,
1073 760 1297 824 tamen
1344 762 1649 842 respectu
1697 757 2051 824 scientifico
2075 807 2089 835 ,
2153 759 2222 822 et
2280 755 2347 820 in
2403 753 2619 838 specie
2673 774 2792 837 pro
2840 775 2949 819 co-
3013 822 3020 827 ,

287 851 664 932 gnoscendo
716 853 864 936 jure
925 855 1235 924 canonico
1255 907 1269 934 ,
1335 857 1506 939 quod
1566 856 1742 921 circa
1799 855 2083 921 medium
2130 874 2298 919 saec.
2348 852 2490 919 XII.
2540 851 2606 915 in
2653 851 2950 916 Ecclesia

286 947 505 1030 viguit
521 998 536 1027 ,
604 953 674 1016 et
689 999 705 1028 ,
774 970 972 1032 quum
1035 952 1186 1019 huic
1240 954 1374 1038 juri
1425 954 1535 1037 jus
1596 953 1977 1019 canonicum
2041 951 2477 1036 posteriorum
2540 949 2948 1014 saeculorum

288 1045 554 1112 omnino
599 1047 940 1127 innitatur,
992 1050 1229 1135 quippe
1278 1052 1449 1134 quod
1496 1051 1655 1116 illud
1703 1055 1821 1117 aut
1871 1053 2229 1126 confirmet,
2279 1052 2395 1115 aut
2442 1047 2784 1131 compleat,
2834 1050 2951 1112 aut

285 1148 502 1211 mutet
546 1147 654 1211 vel
700 1147 996 1229 abroget,
1047 1149 1247 1215 etiam
1294 1170 1414 1234 pro
1463 1150 1913 1233 cognoscendo
1954 1150 2103 1232 jure
2150 1146 2460 1214 canonico
2514 1144 2948 1230 posteriorum

287 1243 699 1309 saeculorum
747 1248 816 1311 et
861 1246 1071 1311 nostri
1118 1247 1319 1313 etiam
1351 1247 1519 1325 aevi,
1569 1247 1806 1313 summi
1837 1268 1983 1313 esse
2015 1245 2346 1323 momenti,
2397 1248 2464 1311 et
2493 1243 2643 1308 hinc
2675 1242 2949 1325 diligens

286 1339 494 1424 ipsius
539 1343 803 1408 Decreti
852 1344 1139 1409 studium
1184 1345 1265 1410 iis
1283 1395 1297 1423 ,
1361 1346 1471 1428 qui
1532 1345 1615 1411 ad
1670 1345 1956 1429 amplam
2017 1348 2085 1410 et
2131 1343 2405 1409 solidam
2445 1342 2611 1426 juris
2659 1340 2952 1407 canonici

290 1439 735 1521 cognitionem
780 1441 1127 1525 pervenire
1172 1444 1424 1521 volunt,
1474 1464 1884 1528 summopere
1932 1463 2076 1508 esse
2123 1441 2705 1508 commendandum
2727 1440 2769 1505 ¹.

291 1628 395 1683 Die
434 1629 760 1686 Geschichte
799 1633 893 1686 der
931 1632 1173 1698 Quellen‚
1210 1637 1340 1687 tom.
1367 1634 1435 1687 ΙΙ.
1475 1652 1561 1704 pp.
1590 1634 1729 1699 263„
1768 1634 1889 1688 295.
1917 1652 2016 1701 sq.‚
2057 1633 2176 1688 302.
2219 1650 2317 1702 sq.‚
2358 1633 2478 1686 317.
2517 1634 2573 1685 et
2609 1631 2749 1696 340„
2787 1633 2951 1699 atque
3041 1664 3048 1671 -

289 1712 422 1764 tom.
461 1710 555 1764 111.
595 1715 733 1781 part.
760 1713 822 1771 l.
862 1731 912 1782 p.
954 1713 1073 1766 741.
1148 1714 1332 1778 Porm,
1371 1713 1450 1767 uti
1490 1732 1558 1767 ex
1597 1717 1744 1768 Julii
1768 1716 1933 1781 Niyri
1975 1712 2050 1781 (S.
2092 1714 2160 1778 J.,
2199 1714 2231 1777 †
2259 1711 2442 1779 1720),
2479 1712 2559 1765 De
2597 1710 2953 1780 scriptoribus

287 1789 635 1855 Florentinis,
663 1792 743 1846 ed.
770 1792 981 1848 Ferrar.
1006 1793 1159 1858 1722,
1185 1794 1355 1848 refert
1380 1796 1593 1864 Jocher,
1620 1794 1854 1862 Allgem.
1884 1792 2461 1848 Gelehrten-Lexikon.
2514 1792 2660 1861 Lips.
2693 1792 2829 1846 1750
2849 1808 2949 1859 sq.‚

286 1871 419 1922 tom.
458 1870 526 1923 II.
579 1871 678 1925 col.
717 1871 905 1937 2277„
963 1872 1127 1927 etiam
1174 1877 1364 1943 Lapus
1409 1876 1601 1928 Tactus
1643 1874 1930 1942 (Tactus),
1983 1873 2046 1928 Ο.
2086 1873 2139 1928 S.
2178 1873 2239 1926 B.
2291 1871 2606 1926 monasterii
2643 1870 2696 1925 S.
2734 1870 2949 1925 Miniati

289 1967 458 2019 prope
495 1950 825 2005 Florentiam
862 1952 1030 2007 abbas
1067 1971 1209 2008 saec.
1246 1954 1391 2009 XIV.
1437 1954 1674 2022 (Schulte
1709 1955 1746 2008 1.
1786 1973 1832 2009 c.
1870 1957 1997 2008 tom.
2034 1954 2099 2007 ΙΙ.
2139 1972 2189 2023 p.
2231 1953 2351 2007 238.
2394 1952 2522 2021 sq.),
2559 1954 2854 2006 tractatum
2894 1951 2948 2003 in

289 2029 585 2084 Decretum
625 2029 874 2086 Gratiani
912 2034 1177 2089 exaravit.

473 2112 493 2146 ¹
532 2109 646 2176 Quo
681 2115 935 2182 respectu
963 2115 1205 2183 Ponam-3,
1245 2114 1347 2168 Jus
1385 2114 1701 2169 canonicum
1740 2118 1862 2180 etc„
1898 2117 2027 2168 tom.
2053 2114 2095 2167 Ι.
2134 2131 2186 2182 p.
2214 2113 2299 2167 94.
2338 2130 2419 2182 sq.
2461 2113 2526 2165 de
2565 2110 2812 2166 Gratiani
2847 2111 2949 2164 De-

291 2192 441 2243 creto
477 2190 582 2243 ait:
628 2189 760 2257 „Est
796 2195 977 2246 autem
1022 2194 1119 2262 (sc.
1159 2193 1451 2248 Decretum
1486 2193 1757 2262 Gratiani)
1804 2237 1814 2248 .
1858 2236 1868 2247 .
1910 2236 1921 2246 .
1960 2210 2069 2248 una
2107 2211 2177 2246 ex
2227 2192 2472 2262 partibus
2509 2190 2951 2261 componentibus

289 2268 610 2323 hodiernum
649 2270 856 2342 Corpus
887 2272 1026 2343 juris
1065 2274 1336 2338 canonici;
1388 2275 1495 2327 imo
1534 2274 1639 2328 dici
1675 2277 1826 2329 recte
1863 2276 2045 2343 potest
2061 2316 2073 2338 ,
2126 2290 2245 2327 eam
2261 2314 2274 2337 ,
2325 2273 2469 2327 sicut
2504 2271 2689 2325 ordine
2726 2274 2783 2324 et
2817 2275 2950 2324 tem-

289 2367 420 2419 pore
437 2392 450 2414 ,
501 2350 579 2404 ita
617 2351 783 2405 etiam
821 2352 1088 2421 dignitate
1139 2357 1195 2408 et
1245 2354 1580 2424 praestantia
1618 2371 1739 2408 esse
1775 2354 2006 2425 primam
2022 2395 2035 2418 ,
2081 2352 2223 2422 quod
2259 2352 2451 2422 majori
2466 2393 2479 2416 ,
2532 2369 2695 2421 quam
2745 2351 2802 2403 in
2837 2350 2951 2404 ulla

290 2428 402 2483 alia
456 2429 571 2486 illio
621 2432 775 2502 copia
830 2433 1043 2487 collecti
1093 2435 1443 2489 inveniantur
1495 2435 1764 2499 CanoneS,
1821 2434 1914 2504 qui
1968 2451 2064 2503 per
2119 2432 2302 2502 plures
2357 2435 2569 2486 aetates
2618 2431 2687 2484 ad
2742 2448 2951 2484 morum

292 2509 729 2566 constituendam
766 2512 1157 2568 firmandamve
1196 2514 1536 2584 disciplinam
1560 2514 1788 2580 inventi,
1827 2518 1883 2568 et
1918 2514 1988 2568 ad
2024 2530 2122 2566 nos
2158 2512 2398 2566 traducti
2434 2510 2835 2566 sanctissimam
2871 2511 2950 2564 vi-

294 2589 462 2643 vendi
500 2590 729 2646 formam
766 2593 824 2646 in
860 2610 920 2647 se
958 2594 1249 2648 continent.
1326 2595 1481 2649 Unde
1518 2613 1623 2649 non
1661 2594 1795 2648 utile
1832 2593 2203 2648 tantummodo
2220 2635 2232 2657 ,
2275 2609 2466 2646 verum
2497 2591 2668 2645 etiam
2704 2608 2951 2646 necessa-

295 2669 440 2724 rium
479 2671 544 2737 ei,
584 2673 678 2742 qui
715 2675 784 2727 ad
821 2674 1038 2729 laudem
1064 2676 1291 2745 perfecti
1319 2675 1642 2730 Canonistae
1680 2675 1964 2746 pervenire
1989 2675 2093 2729 sibi
2118 2673 2412 2745 proposuit,
2451 2672 2755 2728 existimari
2791 2674 2952 2727 debet

290 2750 533 2805 studium
572 2752 836 2807 Decreti.“
916 2755 1097 2824 Atque
1138 2757 1350 2809 Schulte
1392 2756 1515 2824 (Die
1553 2756 1727 2810 Lehre
1764 2774 1872 2810 von
1911 2756 2014 2810 den
2052 2753 2278 2819 Quellen
2315 2755 2412 2808 des
2449 2753 2654 2808 kathol.
2690 2753 2950 2807 Kirchen-

289 2829 479 2885 rechts
514 2849 565 2901 p.
607 2833 774 2901 322),
813 2834 880 2888 de
917 2835 1095 2889 studio
1134 2836 1354 2890 Decreti
1382 2835 1664 2891 Gratianei
1701 2836 1842 2890 hanc
1878 2836 1987 2890 fert
2024 2834 2383 2889 sententiam:
2429 2833 2585 2898 „Wie
2623 2834 2720 2887 das
2748 2835 2951 2902 System

291 2911 406 2964 und
443 2911 528 2965 die
564 2914 971 2983 Ermerunqen
1024 2916 1118 2969 des
1156 2916 1383 2970 Decrets
1435 2917 1554 2971 eine
1603 2916 1862 2984 wichtige
1914 2917 2091 2981 Queue
2139 2916 2236 2967 der
2287 2915 2808 2982 Doymenqeschichte
2863 2916 2952 2967 des

291 2991 710 3047 Kirchenrechts
748 2996 948 3065 bilden,
1002 3013 1061 3049 so
1099 2995 1282 3050 liefert
1319 2997 1416 3050 das
1452 2995 1527 3049 im
1565 2997 1796 3050 Decrete
1834 2994 2189 3064 gesammelte
2225 2993 2476 3048 Materia]
2527 3012 2631 3047 uns
2670 2993 2787 3047 eine
2825 2993 2952 3047 sehr

290 3069 587 3127 reichliche
612 3073 939 3142 Fundgrube
964 3075 1052 3129 fur
1079 3075 1163 3129 die
1190 3074 1517 3130 Geschichte
1545 3077 1638 3130 des
1664 3074 2087 3129 Kirchenrechts
2124 3074 2443 3144 uberhaupt,
2481 3073 2687 3128 welche
2724 3074 2952 3128 manche

294 3151 393 3204 der
443 3152 650 3206 alteren
688 3152 1074 3224 Sammlungen
1118 3157 1230 3211 und
1268 3155 1494 3222 Quellen
1538 3155 1789 3209 insoweit
1837 3155 2172 3222 vollstandig
2219 3158 2420 3208 ersetzt
2435 3196 2448 3219 ,
2500 3155 2582 3208 als
2634 3171 2693 3208 es
2737 3172 2840 3230 uns
2876 3154 2951 3207 im

293 3232 575 3287 einzelnen
611 3234 732 3289 Fall
768 3254 872 3288 nur
909 3236 1008 3290 auf
1041 3237 1144 3290 den
1182 3235 1647 3304 geschichtlichen
1671 3236 2240 3304 Entwicklungsgang
2278 3235 2426 3289 eines
2463 3233 2763 3299 InstituteS,
2803 3233 2951 3287 eines

289 3313 681 3369 Rechtssatzes
718 3316 1012 3370 ankommt.
1063 3317 1126 3370 In
1164 3316 1340 3371 dieser
1364 3315 1641 3385 Richtung
1664 3317 1814 3370 kann
1852 3316 1968 3370 sein
1994 3315 2241 3371 Studium
2280 3315 2431 3369 nicht
2468 3314 2731 3382 dringend
2769 3330 2952 3381 genug

292 3393 603 3463 empfohlen
640 3396 903 3450 werden.“

2331 3455 2365 3472 Ν
