<?xml version="1.0" encoding="UTF-8"?>
<!DOCTYPE html PUBLIC "-//W3C//DTD XHTML 1.0 Transitional//EN"
    "http://www.w3.org/TR/xhtml1/DTD/xhtml1-transitional.dtd">
<html xmlns="http://www.w3.org/1999/xhtml" xml:lang="en" lang="en">
 <head>
  <title>
</title>
<meta http-equiv="Content-Type" content="text/html;charset=utf-8" />
  <meta name='ocr-system' content='tesseract 3.04.00' />
  <meta name='ocr-capabilities' content='ocr_page ocr_carea ocr_par ocr_line ocrx_word'/>
</head>
<body>
  <div class='ocr_page' id='page_1' title='image "./introductioinco00laurgoog_0076.png"; bbox 0 0 3355 5328; ppageno 0'>
   <div class='ocr_carea' id='block_1_1' title="bbox 394 304 2149 362">
    <p class='ocr_par' dir='ltr' id='par_1_1' title="bbox 394 304 2149 362">
     <span class='ocr_line' id='line_1_1' title="bbox 394 304 2149 362; baseline -0.001 0"><span class='ocrx_word' id='word_1_1' title='bbox 394 306 465 362; x_wconf 80' lang='lat'>52</span> <span class='ocrx_word' id='word_1_2' title='bbox 1298 306 1435 360; x_wconf 89' lang='lat' dir='ltr'>Pars</span> <span class='ocrx_word' id='word_1_3' title='bbox 1471 306 1511 359; x_wconf 96' lang='lat' dir='ltr'><strong>I.</strong></span> <span class='ocrx_word' id='word_1_4' title='bbox 1558 304 1850 359; x_wconf 78' lang='lat' dir='ltr'>Decretum</span> <span class='ocrx_word' id='word_1_5' title='bbox 1887 304 2149 360; x_wconf 85' lang='lat' dir='ltr'>Gratiani.</span> 
     </span>
    </p>
   </div>
   <div class='ocr_carea' id='block_1_2' title="bbox 394 467 3046 731">
    <p class='ocr_par' dir='ltr' id='par_1_2' title="bbox 394 467 3046 731">
     <span class='ocr_line' id='line_1_2' title="bbox 396 467 3044 550; baseline 0 -15"><span class='ocrx_word' id='word_1_6' title='bbox 396 473 617 535; x_wconf 91' lang='lat' dir='ltr'>autem</span> <span class='ocrx_word' id='word_1_7' title='bbox 664 468 879 535; x_wconf 88' lang='lat' dir='ltr'>dictae</span> <span class='ocrx_word' id='word_1_8' title='bbox 924 469 1185 550; x_wconf 81' lang='lat' dir='ltr'>glossae</span> <span class='ocrx_word' id='word_1_9' title='bbox 1229 468 1297 532; x_wconf 91' lang='lat' dir='ltr'>in</span> <span class='ocrx_word' id='word_1_10' title='bbox 1357 467 1655 550; x_wconf 81' lang='lat' dir='ltr'>margine</span> <span class='ocrx_word' id='word_1_11' title='bbox 1701 472 1930 535; x_wconf 87' lang='lat' dir='ltr'>textus</span> <span class='ocrx_word' id='word_1_12' title='bbox 1976 469 2241 534; x_wconf 87' lang='lat' dir='ltr'>Decreti</span> <span class='ocrx_word' id='word_1_13' title='bbox 2300 468 2494 534; x_wconf 83' lang='lat' dir='ltr'>scribi</span> <span class='ocrx_word' id='word_1_14' title='bbox 2550 473 3044 546; x_wconf 87' lang='lat' dir='ltr'>consueverant,</span> 
     </span>
     <span class='ocr_line' id='line_1_3' title="bbox 396 565 3046 651; baseline -0.001 -18"><span class='ocrx_word' id='word_1_15' title='bbox 396 587 514 633; x_wconf 91' lang='lat' dir='ltr'>eae</span> <span class='ocrx_word' id='word_1_16' title='bbox 560 566 876 651; x_wconf 89' lang='lat' dir='ltr'>paulatim</span> <span class='ocrx_word' id='word_1_17' title='bbox 924 588 962 632; x_wconf 94' lang='lat' dir='ltr'>e</span> <span class='ocrx_word' id='word_1_18' title='bbox 1007 566 1196 632; x_wconf 92' lang='lat' dir='ltr'>nudis</span> <span class='ocrx_word' id='word_1_19' title='bbox 1237 565 1784 649; x_wconf 77' lang='lat' dir='ltr'>explicationibus</span> <span class='ocrx_word' id='word_1_20' title='bbox 1831 588 2048 631; x_wconf 81' lang='lat' dir='ltr'>vocam</span> <span class='ocrx_word' id='word_1_21' title='bbox 2093 566 2292 633; x_wconf 88' lang='lat' dir='ltr'>etiam</span> <span class='ocrx_word' id='word_1_22' title='bbox 2340 567 2785 651; x_wconf 79' lang='lat' dir='ltr'>expositiones</span> <span class='ocrx_word' id='word_1_23' title='bbox 2830 590 3046 633; x_wconf 81' lang='lat' dir='ltr'>rerum</span> 
     </span>
     <span class='ocr_line' id='line_1_4' title="bbox 394 664 821 731; baseline 0 0"><span class='ocrx_word' id='word_1_24' title='bbox 394 668 752 731; x_wconf 87' lang='lat' dir='ltr'>evaserunt</span> <span class='ocrx_word' id='word_1_25' title='bbox 779 664 821 731; x_wconf 85' lang='lat'><strong>¹.</strong></span> 
     </span>
    </p>
   </div>
   <div class='ocr_carea' id='block_1_3' title="bbox 392 770 3048 1051">
    <p class='ocr_par' dir='ltr' id='par_1_3' title="bbox 392 770 3048 1051">
     <span class='ocr_line' id='line_1_5' title="bbox 570 770 3048 854; baseline -0 -17"><span class='ocrx_word' id='word_1_26' title='bbox 570 773 677 837; x_wconf 86' lang='lat' dir='ltr'>Ex</span> <span class='ocrx_word' id='word_1_27' title='bbox 722 772 823 837; x_wconf 92' lang='lat' dir='ltr'>his</span> <span class='ocrx_word' id='word_1_28' title='bbox 869 771 1060 836; x_wconf 91' lang='lat' dir='ltr'>simul</span> <span class='ocrx_word' id='word_1_29' title='bbox 1106 770 1434 853; x_wconf 74' lang='lat' dir='ltr'>colligitur</span> <span class='ocrx_word' id='word_1_30' title='bbox 1480 770 1730 848; x_wconf 79' lang='lat' dir='ltr'>moduS,</span> <span class='ocrx_word' id='word_1_31' title='bbox 1780 770 2025 836; x_wconf 90' lang='lat' dir='ltr'>citandi</span> <span class='ocrx_word' id='word_1_32' title='bbox 2070 771 2326 853; x_wconf 84' lang='lat' dir='ltr'>glossas</span> <span class='ocrx_word' id='word_1_33' title='bbox 2371 771 2637 838; x_wconf 86' lang='lat' dir='ltr'>Decreti</span> <span class='ocrx_word' id='word_1_34' title='bbox 2655 822 2669 850; x_wconf 97' lang='lat'>,</span> <span class='ocrx_word' id='word_1_35' title='bbox 2737 772 2846 854; x_wconf 93' lang='lat' dir='ltr'>qui</span> <span class='ocrx_word' id='word_1_36' title='bbox 2891 772 3048 838; x_wconf 90' lang='lat' dir='ltr'>talis</span> 
     </span>
     <span class='ocr_line' id='line_1_6' title="bbox 394 868 3048 952; baseline -0.001 -17"><span class='ocrx_word' id='word_1_37' title='bbox 394 874 514 936; x_wconf 91' lang='lat' dir='ltr'>est.</span> <span class='ocrx_word' id='word_1_38' title='bbox 593 872 673 937; x_wconf 92' lang='lat' dir='ltr'>V.</span> <span class='ocrx_word' id='word_1_39' title='bbox 722 891 808 952; x_wconf 90' lang='lat' dir='ltr'>g.‚</span> <span class='ocrx_word' id='word_1_40' title='bbox 857 869 913 934; x_wconf 88' lang='lat' dir='ltr'>si</span> <span class='ocrx_word' id='word_1_41' title='bbox 961 869 1224 935; x_wconf 87' lang='lat' dir='ltr'>citanda</span> <span class='ocrx_word' id='word_1_42' title='bbox 1272 869 1362 935; x_wconf 87' lang='lat' dir='ltr'>sit</span> <span class='ocrx_word' id='word_1_43' title='bbox 1406 869 1647 950; x_wconf 87' lang='lat' dir='ltr'>glossa,</span> <span class='ocrx_word' id='word_1_44' title='bbox 1698 889 1898 951; x_wconf 87' lang='lat' dir='ltr'>supra</span> <span class='ocrx_word' id='word_1_45' title='bbox 1944 891 2006 952; x_wconf 91' lang='lat' dir='ltr'>p.</span> <span class='ocrx_word' id='word_1_46' title='bbox 2057 871 2162 935; x_wconf 89' lang='lat'>51.</span> <span class='ocrx_word' id='word_1_47' title='bbox 2210 868 2280 934; x_wconf 90' lang='lat' dir='ltr'>in</span> <span class='ocrx_word' id='word_1_48' title='bbox 2325 873 2460 936; x_wconf 86' lang='lat' dir='ltr'>not.</span> <span class='ocrx_word' id='word_1_49' title='bbox 2516 873 2616 936; x_wconf 92' lang='lat'><strong>10.</strong></span> <span class='ocrx_word' id='word_1_50' title='bbox 2665 870 2804 936; x_wconf 89' lang='lat' dir='ltr'>sub.</span> <span class='ocrx_word' id='word_1_51' title='bbox 2852 869 2951 936; x_wconf 91' lang='lat' dir='ltr'>lit.</span> <span class='ocrx_word' id='word_1_52' title='bbox 3004 872 3048 933; x_wconf 82' lang='lat' dir='ltr'>d</span> 
     </span>
     <span class='ocr_line' id='line_1_7' title="bbox 392 966 2695 1051; baseline 0 -17"><span class='ocrx_word' id='word_1_53' title='bbox 392 969 477 1034; x_wconf 90' lang='lat' dir='ltr'>ad</span> <span class='ocrx_word' id='word_1_54' title='bbox 516 989 658 1035; x_wconf 87' lang='lat' dir='ltr'>voc.</span> <span class='ocrx_word' id='word_1_55' title='bbox 707 972 807 1034; x_wconf 76' lang='lat' dir='ltr'>lex</span> <span class='ocrx_word' id='word_1_56' title='bbox 851 967 1087 1051; x_wconf 90' lang='lat' dir='ltr'>posita,</span> <span class='ocrx_word' id='word_1_57' title='bbox 1136 967 1381 1032; x_wconf 89' lang='lat' dir='ltr'>citatur</span> <span class='ocrx_word' id='word_1_58' title='bbox 1425 966 1555 1032; x_wconf 84' lang='lat' dir='ltr'>ita:</span> <span class='ocrx_word' id='word_1_59' title='bbox 1603 967 1692 1048; x_wconf 91' lang='lat' dir='ltr'>gl.</span> <span class='ocrx_word' id='word_1_60' title='bbox 1743 966 1822 1032; x_wconf 91' lang='lat' dir='ltr'>ad</span> <span class='ocrx_word' id='word_1_61' title='bbox 1875 988 1929 1033; x_wconf 89' lang='lat' dir='ltr'>c.</span> <span class='ocrx_word' id='word_1_62' title='bbox 1980 969 2041 1033; x_wconf 89' lang='lat'>5.</span> <span class='ocrx_word' id='word_1_63' title='bbox 2090 989 2186 1051; x_wconf 92' lang='lat' dir='ltr'>pr.</span> <span class='ocrx_word' id='word_1_64' title='bbox 2236 969 2316 1033; x_wconf 91' lang='lat' dir='ltr'>D.</span> <span class='ocrx_word' id='word_1_65' title='bbox 2366 968 2415 1034; x_wconf 93' lang='grc' dir='ltr'>Ι.</span> <span class='ocrx_word' id='word_1_66' title='bbox 2465 989 2528 1035; x_wconf 76' lang='lat' dir='ltr'><strong>V.</strong></span> <span class='ocrx_word' id='word_1_67' title='bbox 2578 971 2695 1035; x_wconf 78' lang='lat' dir='ltr'>lex.</span> 
     </span>
    </p>
   </div>
   <div class='ocr_carea' id='block_1_4' title="bbox 389 1073 3050 1551">
    <p class='ocr_par' dir='ltr' id='par_1_4' title="bbox 389 1073 3050 1551">
     <span class='ocr_line' id='line_1_8' title="bbox 567 1073 3050 1158; baseline -0.001 -18"><span class='ocrx_word' id='word_1_68' title='bbox 567 1074 840 1157; x_wconf 90' lang='lat' dir='ltr'>Antiqui</span> <span class='ocrx_word' id='word_1_69' title='bbox 902 1074 1280 1139; x_wconf 89' lang='lat' dir='ltr'>canonistae</span> <span class='ocrx_word' id='word_1_70' title='bbox 1304 1124 1318 1152; x_wconf 97' lang='lat'>,</span> <span class='ocrx_word' id='word_1_71' title='bbox 1382 1073 1492 1156; x_wconf 92' lang='lat' dir='ltr'>qui</span> <span class='ocrx_word' id='word_1_72' title='bbox 1550 1077 1703 1157; x_wconf 92' lang='lat' dir='ltr'>post</span> <span class='ocrx_word' id='word_1_73' title='bbox 1747 1074 2304 1139; x_wconf 70' lang='lat' dir='ltr'>Bar-tholomaeum</span> <span class='ocrx_word' id='word_1_74' title='bbox 2349 1076 2752 1141; x_wconf 75' lang='lat' dir='ltr'>Brixiensem</span> <span class='ocrx_word' id='word_1_75' title='bbox 2765 1127 2783 1158; x_wconf 92' lang='lat'>,</span> <span class='ocrx_word' id='word_1_76' title='bbox 2846 1095 3050 1158; x_wconf 91' lang='lat' dir='ltr'>supra</span> 
     </span>
     <span class='ocr_line' id='line_1_9' title="bbox 389 1171 3049 1258; baseline -0.001 -18"><span class='ocrx_word' id='word_1_77' title='bbox 389 1173 479 1258; x_wconf 88' lang='lat' dir='ltr'>(p.</span> <span class='ocrx_word' id='word_1_78' title='bbox 529 1173 665 1256; x_wconf 88' lang='lat'><strong>50.)</strong></span> <span class='ocrx_word' id='word_1_79' title='bbox 712 1176 1145 1238; x_wconf 91' lang='lat' dir='ltr'>memoratum</span> <span class='ocrx_word' id='word_1_80' title='bbox 1169 1223 1183 1251; x_wconf 92' lang='lat'>,</span> <span class='ocrx_word' id='word_1_81' title='bbox 1245 1173 1627 1250; x_wconf 88' lang='lat' dir='ltr'>floruerunt,</span> <span class='ocrx_word' id='word_1_82' title='bbox 1674 1171 1933 1253; x_wconf 89' lang='lat' dir='ltr'>glossas</span> <span class='ocrx_word' id='word_1_83' title='bbox 1981 1172 2063 1238; x_wconf 92' lang='lat' dir='ltr'>ad</span> <span class='ocrx_word' id='word_1_84' title='bbox 2110 1171 2402 1255; x_wconf 91' lang='lat' dir='ltr'>singulos</span> <span class='ocrx_word' id='word_1_85' title='bbox 2449 1193 2732 1239; x_wconf 87' lang='lat' dir='ltr'>canones</span> <span class='ocrx_word' id='word_1_86' title='bbox 2777 1172 3049 1238; x_wconf 91' lang='lat' dir='ltr'>Decreti</span> 
     </span>
     <span class='ocr_line' id='line_1_10' title="bbox 390 1269 3048 1357; baseline -0.001 -20"><span class='ocrx_word' id='word_1_87' title='bbox 390 1272 728 1357; x_wconf 88' lang='lat' dir='ltr'>appositas</span> <span class='ocrx_word' id='word_1_88' title='bbox 775 1274 1155 1356; x_wconf 90' lang='lat' dir='ltr'>computare</span> <span class='ocrx_word' id='word_1_89' title='bbox 1200 1274 1270 1337; x_wconf 88' lang='lat' dir='ltr'>et</span> <span class='ocrx_word' id='word_1_90' title='bbox 1315 1291 1541 1336; x_wconf 87' lang='lat' dir='ltr'>earum</span> <span class='ocrx_word' id='word_1_91' title='bbox 1587 1269 1882 1351; x_wconf 92' lang='lat' dir='ltr'>singulas</span> <span class='ocrx_word' id='word_1_92' title='bbox 1927 1269 2218 1353; x_wconf 91' lang='lat' dir='ltr'>ipsarum</span> <span class='ocrx_word' id='word_1_93' title='bbox 2249 1292 2519 1337; x_wconf 91' lang='lat' dir='ltr'>numero</span> <span class='ocrx_word' id='word_1_94' title='bbox 2552 1271 2842 1353; x_wconf 85' lang='lat' dir='ltr'>allegare</span> <span class='ocrx_word' id='word_1_95' title='bbox 2891 1292 3048 1335; x_wconf 92' lang='lat' dir='ltr'>con-</span> 
     </span>
     <span class='ocr_line' id='line_1_11' title="bbox 390 1369 3049 1452; baseline -0.002 -16"><span class='ocrx_word' id='word_1_96' title='bbox 390 1374 765 1436; x_wconf 89' lang='lat' dir='ltr'>sueverunt.</span> <span class='ocrx_word' id='word_1_97' title='bbox 830 1369 972 1447; x_wconf 85' lang='lat' dir='ltr'>Qua</span> <span class='ocrx_word' id='word_1_98' title='bbox 1016 1369 1271 1435; x_wconf 89' lang='lat' dir='ltr'>ratione</span> <span class='ocrx_word' id='word_1_99' title='bbox 1316 1390 1379 1435; x_wconf 84' lang='lat' dir='ltr'><strong>V.</strong></span> <span class='ocrx_word' id='word_1_100' title='bbox 1420 1390 1483 1451; x_wconf 90' lang='lat' dir='ltr'>g.</span> <span class='ocrx_word' id='word_1_101' title='bbox 1532 1369 1822 1450; x_wconf 88' lang='lat' dir='ltr'>glossam</span> <span class='ocrx_word' id='word_1_102' title='bbox 1868 1389 1929 1434; x_wconf 90' lang='lat' dir='ltr'><strong>V.</strong></span> <span class='ocrx_word' id='word_1_103' title='bbox 1980 1371 2098 1452; x_wconf 78' lang='lat' dir='ltr'>lex,</span> <span class='ocrx_word' id='word_1_104' title='bbox 2148 1389 2347 1452; x_wconf 89' lang='lat' dir='ltr'>supra</span> <span class='ocrx_word' id='word_1_105' title='bbox 2393 1369 2762 1447; x_wconf 88' lang='lat' dir='ltr'>adductam,</span> <span class='ocrx_word' id='word_1_106' title='bbox 2810 1370 2908 1435; x_wconf 86' lang='lat' dir='ltr'>ita</span> <span class='ocrx_word' id='word_1_107' title='bbox 2954 1369 3049 1434; x_wconf 89' lang='lat' dir='ltr'>ci-</span> 
     </span>
     <span class='ocr_line' id='line_1_12' title="bbox 389 1463 2173 1551; baseline -0.001 -16"><span class='ocrx_word' id='word_1_108' title='bbox 389 1472 570 1535; x_wconf 89' lang='lat' dir='ltr'>tant:</span> <span class='ocrx_word' id='word_1_109' title='bbox 621 1469 707 1551; x_wconf 90' lang='lat' dir='ltr'>gl.</span> <span class='ocrx_word' id='word_1_110' title='bbox 759 1471 819 1534; x_wconf 87' lang='lat'><strong>4.</strong></span> <span class='ocrx_word' id='word_1_111' title='bbox 870 1468 952 1533; x_wconf 92' lang='lat' dir='ltr'>ad</span> <span class='ocrx_word' id='word_1_112' title='bbox 999 1469 1079 1533; x_wconf 96' lang='lat' dir='ltr'>D.</span> <span class='ocrx_word' id='word_1_113' title='bbox 1129 1468 1179 1533; x_wconf 95' lang='grc' dir='ltr'>Ι.</span> <span class='ocrx_word' id='word_1_114' title='bbox 1230 1488 1370 1551; x_wconf 89' lang='lat' dir='ltr'>cap.</span> <span class='ocrx_word' id='word_1_115' title='bbox 1421 1466 1835 1531; x_wconf 83' lang='lat' dir='ltr'>Consuetudo</span> <span class='ocrx_word' id='word_1_116' title='bbox 1885 1470 2108 1532; x_wconf 89' lang='lat' dir='ltr'>autem</span> <span class='ocrx_word' id='word_1_117' title='bbox 2131 1463 2173 1533; x_wconf 75' lang='lat'><strong>⁹.</strong></span> 
     </span>
    </p>
   </div>
   <div class='ocr_carea' id='block_1_5' title="bbox 389 1573 3048 1853">
    <p class='ocr_par' dir='ltr' id='par_1_5' title="bbox 389 1573 3048 1853">
     <span class='ocr_line' id='line_1_13' title="bbox 568 1573 3048 1658; baseline -0.001 -18"><span class='ocrx_word' id='word_1_118' title='bbox 568 1574 962 1640; x_wconf 90' lang='lat' dir='ltr'>Monendum</span> <span class='ocrx_word' id='word_1_119' title='bbox 1008 1595 1204 1658; x_wconf 92' lang='lat' dir='ltr'>porro</span> <span class='ocrx_word' id='word_1_120' title='bbox 1249 1574 1374 1639; x_wconf 89' lang='lat' dir='ltr'>hac</span> <span class='ocrx_word' id='word_1_121' title='bbox 1407 1573 1747 1638; x_wconf 84' lang='lat' dir='ltr'>occasione</span> <span class='ocrx_word' id='word_1_122' title='bbox 1795 1576 1916 1650; x_wconf 90' lang='lat' dir='ltr'>est,</span> <span class='ocrx_word' id='word_1_123' title='bbox 1967 1574 2201 1639; x_wconf 78' lang='lat' dir='ltr'>Paleas</span> <span class='ocrx_word' id='word_1_124' title='bbox 2248 1595 2288 1638; x_wconf 94' lang='lat' dir='ltr'>a</span> <span class='ocrx_word' id='word_1_125' title='bbox 2319 1573 2794 1656; x_wconf 90' lang='lat' dir='ltr'>glossatoribus</span> <span class='ocrx_word' id='word_1_126' title='bbox 2827 1573 2909 1638; x_wconf 89' lang='lat' dir='ltr'>de</span> <span class='ocrx_word' id='word_1_127' title='bbox 2938 1594 3048 1639; x_wconf 91' lang='lat' dir='ltr'>re-</span> 
     </span>
     <span class='ocr_line' id='line_1_14' title="bbox 389 1670 3048 1757; baseline -0.001 -19"><span class='ocrx_word' id='word_1_128' title='bbox 389 1673 546 1755; x_wconf 89' lang='lat' dir='ltr'>gula</span> <span class='ocrx_word' id='word_1_129' title='bbox 575 1672 1076 1757; x_wconf 89' lang='lat' dir='ltr'>praetermissas</span> <span class='ocrx_word' id='word_1_130' title='bbox 1106 1671 1342 1748; x_wconf 89' lang='lat' dir='ltr'>fuisse;</span> <span class='ocrx_word' id='word_1_131' title='bbox 1391 1671 1562 1736; x_wconf 90' lang='lat' dir='ltr'>unde</span> <span class='ocrx_word' id='word_1_132' title='bbox 1592 1671 1797 1749; x_wconf 92' lang='lat' dir='ltr'>venit,</span> <span class='ocrx_word' id='word_1_133' title='bbox 1841 1671 2012 1753; x_wconf 93' lang='lat' dir='ltr'>quod</span> <span class='ocrx_word' id='word_1_134' title='bbox 2057 1670 2314 1736; x_wconf 90' lang='lat' dir='ltr'>nonnisi</span> <span class='ocrx_word' id='word_1_135' title='bbox 2351 1672 2783 1755; x_wconf 89' lang='lat' dir='ltr'>paucissimae</span> <span class='ocrx_word' id='word_1_136' title='bbox 2816 1693 3048 1736; x_wconf 87' lang='lat' dir='ltr'>earum</span> 
     </span>
     <span class='ocr_line' id='line_1_15' title="bbox 389 1767 988 1853; baseline 0.003 -18"><span class='ocrx_word' id='word_1_137' title='bbox 389 1772 724 1853; x_wconf 88' lang='lat' dir='ltr'>glossatae</span> <span class='ocrx_word' id='word_1_138' title='bbox 770 1774 924 1837; x_wconf 87' lang='lat' dir='ltr'>sunt</span> <span class='ocrx_word' id='word_1_139' title='bbox 942 1767 988 1837; x_wconf 78' lang='lat'><strong>⁸.</strong></span> 
     </span>
    </p>
   </div>
   <div class='ocr_carea' id='block_1_6' title="bbox 385 1876 3049 3437">
    <p class='ocr_par' dir='ltr' id='par_1_6' title="bbox 387 1876 3049 2436">
     <span class='ocr_line' id='line_1_16' title="bbox 568 1876 3048 1961; baseline -0 -18"><span class='ocrx_word' id='word_1_140' title='bbox 568 1878 957 1961; x_wconf 83' lang='lat' dir='ltr'>Complexus</span> <span class='ocrx_word' id='word_1_141' title='bbox 1003 1878 1370 1960; x_wconf 89' lang='lat' dir='ltr'>glossarum</span> <span class='ocrx_word' id='word_1_142' title='bbox 1415 1897 1529 1942; x_wconf 91' lang='lat' dir='ltr'>seu</span> <span class='ocrx_word' id='word_1_143' title='bbox 1576 1876 2013 1958; x_wconf 91' lang='lat' dir='ltr'>glossularum</span> <span class='ocrx_word' id='word_1_144' title='bbox 2031 1927 2045 1954; x_wconf 94' lang='lat'>,</span> <span class='ocrx_word' id='word_1_145' title='bbox 2096 1898 2136 1941; x_wconf 94' lang='lat' dir='ltr'>a</span> <span class='ocrx_word' id='word_1_146' title='bbox 2183 1881 2364 1943; x_wconf 87' lang='lat' dir='ltr'>certo</span> <span class='ocrx_word' id='word_1_147' title='bbox 2412 1878 2628 1960; x_wconf 89' lang='lat' dir='ltr'>aliquo</span> <span class='ocrx_word' id='word_1_148' title='bbox 2674 1879 3048 1960; x_wconf 89' lang='lat' dir='ltr'>glossatore</span> 
     </span>
     <span class='ocr_line' id='line_1_17' title="bbox 388 1973 3049 2061; baseline -0.001 -19"><span class='ocrx_word' id='word_1_149' title='bbox 388 1975 625 2057; x_wconf 24' lang='lat' dir='ltr'>textui,</span> <span class='ocrx_word' id='word_1_150' title='bbox 649 1976 915 2042; x_wconf 90' lang='lat' dir='ltr'>Decreti</span> <span class='ocrx_word' id='word_1_151' title='bbox 975 1975 1454 2059; x_wconf 87' lang='lat' dir='ltr'>adscriptarum</span> <span class='ocrx_word' id='word_1_152' title='bbox 1473 2024 1487 2053; x_wconf 94' lang='lat'>,</span> <span class='ocrx_word' id='word_1_153' title='bbox 1557 1973 1769 2040; x_wconf 90' lang='lat' dir='ltr'>dictus</span> <span class='ocrx_word' id='word_1_154' title='bbox 1831 1978 1933 2039; x_wconf 90' lang='lat' dir='ltr'>est</span> <span class='ocrx_word' id='word_1_155' title='bbox 1991 1984 2346 2061; x_wconf 75' lang='lat' dir='ltr'>apparatus</span> <span class='ocrx_word' id='word_1_156' title='bbox 2386 1979 2744 2061; x_wconf 73' lang='lat' dir='ltr'>ylossarum</span> <span class='ocrx_word' id='word_1_157' title='bbox 2789 1977 3049 2041; x_wconf 82' lang='lat' dir='ltr'>Decreti</span> 
     </span>
     <span class='ocr_line' id='line_1_18' title="bbox 388 2071 3046 2160; baseline 0 -22"><span class='ocrx_word' id='word_1_158' title='bbox 388 2075 496 2140; x_wconf 93' lang='lat' dir='ltr'>vel</span> <span class='ocrx_word' id='word_1_159' title='bbox 542 2074 745 2140; x_wconf 89' lang='lat' dir='ltr'>etiam</span> <span class='ocrx_word' id='word_1_160' title='bbox 784 2077 996 2160; x_wconf 73' lang='lat' dir='ltr'>ylossa</span> <span class='ocrx_word' id='word_1_161' title='bbox 1041 2076 1294 2140; x_wconf 79' lang='lat' dir='ltr'>Decreti</span> <span class='ocrx_word' id='word_1_162' title='bbox 1306 2125 1325 2157; x_wconf 87' lang='lat'>,</span> <span class='ocrx_word' id='word_1_163' title='bbox 1387 2073 1610 2155; x_wconf 91' lang='lat' dir='ltr'>glossa</span> <span class='ocrx_word' id='word_1_164' title='bbox 1654 2071 1801 2137; x_wconf 89' lang='lat' dir='ltr'>heic</span> <span class='ocrx_word' id='word_1_165' title='bbox 1848 2072 2221 2152; x_wconf 87' lang='lat' dir='ltr'>collective,</span> <span class='ocrx_word' id='word_1_166' title='bbox 2269 2095 2388 2157; x_wconf 93' lang='lat' dir='ltr'>pro</span> <span class='ocrx_word' id='word_1_167' title='bbox 2436 2073 2818 2140; x_wconf 87' lang='lat' dir='ltr'>collectione</span> <span class='ocrx_word' id='word_1_168' title='bbox 2865 2074 3046 2156; x_wconf 92' lang='lat' dir='ltr'>glos-</span> 
     </span>
     <span class='ocr_line' id='line_1_19' title="bbox 387 2171 3047 2255; baseline -0 -16"><span class='ocrx_word' id='word_1_169' title='bbox 387 2194 611 2239; x_wconf 88' lang='lat' dir='ltr'>sarum</span> <span class='ocrx_word' id='word_1_170' title='bbox 655 2193 774 2238; x_wconf 93' lang='lat' dir='ltr'>seu</span> <span class='ocrx_word' id='word_1_171' title='bbox 818 2172 1253 2255; x_wconf 88' lang='lat' dir='ltr'>glossularum</span> <span class='ocrx_word' id='word_1_172' title='bbox 1301 2174 1606 2254; x_wconf 83' lang='lat' dir='ltr'>accepta3</span> <span class='ocrx_word' id='word_1_173' title='bbox 1664 2171 1849 2253; x_wconf 88' lang='lat' dir='ltr'>cujus</span> <span class='ocrx_word' id='word_1_174' title='bbox 1898 2171 2156 2252; x_wconf 91' lang='lat' dir='ltr'>quidem</span> <span class='ocrx_word' id='word_1_175' title='bbox 2206 2171 2748 2238; x_wconf 89' lang='lat' dir='ltr'>denominationis</span> <span class='ocrx_word' id='word_1_176' title='bbox 2796 2173 3047 2254; x_wconf 89' lang='lat' dir='ltr'>absque</span> 
     </span>
     <span class='ocr_line' id='line_1_20' title="bbox 388 2269 3047 2355; baseline -0 -20"><span class='ocrx_word' id='word_1_177' title='bbox 388 2271 581 2337; x_wconf 92' lang='lat' dir='ltr'>dubio</span> <span class='ocrx_word' id='word_1_178' title='bbox 643 2292 872 2337; x_wconf 89' lang='lat' dir='ltr'>ansam</span> <span class='ocrx_word' id='word_1_179' title='bbox 919 2269 1097 2335; x_wconf 90' lang='lat' dir='ltr'>dedit</span> <span class='ocrx_word' id='word_1_180' title='bbox 1142 2270 1257 2334; x_wconf 90' lang='lat' dir='ltr'>illa</span> <span class='ocrx_word' id='word_1_181' title='bbox 1274 2320 1288 2347; x_wconf 94' lang='lat'>,</span> <span class='ocrx_word' id='word_1_182' title='bbox 1352 2290 1519 2351; x_wconf 91' lang='lat' dir='ltr'>quae</span> <span class='ocrx_word' id='word_1_183' title='bbox 1565 2272 1724 2334; x_wconf 89' lang='lat' dir='ltr'>tunc</span> <span class='ocrx_word' id='word_1_184' title='bbox 1764 2269 1902 2352; x_wconf 89' lang='lat' dir='ltr'>jam</span> <span class='ocrx_word' id='word_1_185' title='bbox 1950 2269 2190 2334; x_wconf 93' lang='lat' dir='ltr'>dudum</span> <span class='ocrx_word' id='word_1_186' title='bbox 2236 2269 2303 2334; x_wconf 93' lang='lat' dir='ltr'>in</span> <span class='ocrx_word' id='word_1_187' title='bbox 2351 2291 2471 2335; x_wconf 92' lang='lat' dir='ltr'>usu</span> <span class='ocrx_word' id='word_1_188' title='bbox 2517 2270 2737 2336; x_wconf 81' lang='lat' dir='ltr'>fuerat</span> <span class='ocrx_word' id='word_1_189' title='bbox 2760 2320 2774 2348; x_wconf 92' lang='lat'>,</span> <span class='ocrx_word' id='word_1_190' title='bbox 2832 2273 3047 2355; x_wconf 75' lang='lat' dir='ltr'>qlossa</span> 
     </span>
     <span class='ocr_line' id='line_1_21' title="bbox 388 2366 975 2436; baseline -0.002 0"><span class='ocrx_word' id='word_1_191' title='bbox 388 2371 503 2436; x_wconf 82' lang='lat' dir='ltr'><strong>SS.</strong></span> <span class='ocrx_word' id='word_1_192' title='bbox 553 2371 911 2435; x_wconf 80' lang='lat' dir='ltr'>Bibliorum</span> <span class='ocrx_word' id='word_1_193' title='bbox 930 2366 975 2435; x_wconf 79' lang='lat'><strong>⁴.</strong></span> 
     </span>
    </p>

    <p class='ocr_par' dir='ltr' id='par_1_7' title="bbox 385 2474 3047 3437">
     <span class='ocr_line' id='line_1_22' title="bbox 565 2474 3046 2557; baseline -0.001 -16"><span class='ocrx_word' id='word_1_194' title='bbox 565 2476 730 2554; x_wconf 85' lang='lat' dir='ltr'>Quia</span> <span class='ocrx_word' id='word_1_195' title='bbox 789 2479 1010 2541; x_wconf 92' lang='lat' dir='ltr'>autem</span> <span class='ocrx_word' id='word_1_196' title='bbox 1075 2476 1157 2541; x_wconf 89' lang='lat' dir='ltr'>ab</span> <span class='ocrx_word' id='word_1_197' title='bbox 1216 2474 1402 2541; x_wconf 91' lang='lat' dir='ltr'>initio</span> <span class='ocrx_word' id='word_1_198' title='bbox 1463 2474 1736 2557; x_wconf 90' lang='lat' dir='ltr'>quilibet</span> <span class='ocrx_word' id='word_1_199' title='bbox 1797 2475 2136 2557; x_wconf 88' lang='lat' dir='ltr'>glossator.</span> <span class='ocrx_word' id='word_1_200' title='bbox 2173 2475 2439 2541; x_wconf 89' lang='lat' dir='ltr'>Decreti</span> <span class='ocrx_word' id='word_1_201' title='bbox 2497 2475 2647 2541; x_wconf 91' lang='lat' dir='ltr'>huic</span> <span class='ocrx_word' id='word_1_202' title='bbox 2691 2497 2846 2540; x_wconf 87' lang='lat' dir='ltr'>suas</span> <span class='ocrx_word' id='word_1_203' title='bbox 2892 2478 3046 2540; x_wconf 89' lang='lat' dir='ltr'>tan·</span> 
     </span>
     <span class='ocr_line' id='line_1_23' title="bbox 387 2571 3047 2657; baseline -0 -17"><span class='ocrx_word' id='word_1_204' title='bbox 387 2574 723 2640; x_wconf 87' lang='lat' dir='ltr'>tummodo</span> <span class='ocrx_word' id='word_1_205' title='bbox 770 2574 1025 2656; x_wconf 89' lang='lat' dir='ltr'>glossas</span> <span class='ocrx_word' id='word_1_206' title='bbox 1072 2571 1451 2655; x_wconf 92' lang='lat' dir='ltr'>(glossulas)</span> <span class='ocrx_word' id='word_1_207' title='bbox 1499 2572 1915 2639; x_wconf 86' lang='lat' dir='ltr'>adscribebat</span> <span class='ocrx_word' id='word_1_208' title='bbox 1933 2623 1947 2650; x_wconf 94' lang='lat'>,</span> <span class='ocrx_word' id='word_1_209' title='bbox 2001 2577 2070 2639; x_wconf 93' lang='lat' dir='ltr'>et</span> <span class='ocrx_word' id='word_1_210' title='bbox 2115 2573 2265 2638; x_wconf 89' lang='lat' dir='ltr'>hinc</span> <span class='ocrx_word' id='word_1_211' title='bbox 2310 2573 2589 2640; x_wconf 87' lang='lat' dir='ltr'>totidem</span> <span class='ocrx_word' id='word_1_212' title='bbox 2634 2573 2879 2638; x_wconf 89' lang='lat' dir='ltr'>diversi</span> <span class='ocrx_word' id='word_1_213' title='bbox 2925 2594 3047 2657; x_wconf 92' lang='lat' dir='ltr'>ap-</span> 
     </span>
     <span class='ocr_line' id='line_1_24' title="bbox 386 2671 3046 2757; baseline -0 -18"><span class='ocrx_word' id='word_1_214' title='bbox 386 2677 659 2757; x_wconf 89' lang='lat' dir='ltr'>paratus</span> <span class='ocrx_word' id='word_1_215' title='bbox 705 2673 1071 2756; x_wconf 90' lang='lat' dir='ltr'>glossarum</span> <span class='ocrx_word' id='word_1_216' title='bbox 1117 2671 1611 2755; x_wconf 87' lang='lat' dir='ltr'>(glossularum)</span> <span class='ocrx_word' id='word_1_217' title='bbox 1673 2692 1790 2737; x_wconf 91' lang='lat' dir='ltr'>seu</span> <span class='ocrx_word' id='word_1_218' title='bbox 1836 2671 2116 2738; x_wconf 89' lang='lat' dir='ltr'>totidem</span> <span class='ocrx_word' id='word_1_219' title='bbox 2174 2673 2437 2755; x_wconf 90' lang='lat' dir='ltr'>glossae</span> <span class='ocrx_word' id='word_1_220' title='bbox 2482 2673 2746 2740; x_wconf 91' lang='lat' dir='ltr'>Decreti</span> <span class='ocrx_word' id='word_1_221' title='bbox 2796 2673 3046 2739; x_wconf 88' lang='lat' dir='ltr'>existe-</span> 
     </span>
     <span class='ocr_line' id='line_1_25' title="bbox 385 2770 3043 2854; baseline -0 -17"><span class='ocrx_word' id='word_1_222' title='bbox 385 2772 567 2850; x_wconf 87' lang='lat' dir='ltr'>bant,</span> <span class='ocrx_word' id='word_1_223' title='bbox 618 2775 777 2853; x_wconf 92' lang='lat' dir='ltr'>quot</span> <span class='ocrx_word' id='word_1_224' title='bbox 823 2774 1012 2836; x_wconf 89' lang='lat' dir='ltr'>erant</span> <span class='ocrx_word' id='word_1_225' title='bbox 1057 2771 1460 2853; x_wconf 88' lang='lat' dir='ltr'>glossatores</span> <span class='ocrx_word' id='word_1_226' title='bbox 1480 2821 1494 2849; x_wconf 97' lang='lat'>,</span> <span class='ocrx_word' id='word_1_227' title='bbox 1546 2770 1697 2835; x_wconf 92' lang='lat' dir='ltr'>hinc</span> <span class='ocrx_word' id='word_1_228' title='bbox 1744 2770 1970 2849; x_wconf 82' lang='lat' dir='ltr'>seriuS‚</span> <span class='ocrx_word' id='word_1_229' title='bbox 2021 2791 2219 2853; x_wconf 92' lang='lat' dir='ltr'>quum</span> <span class='ocrx_word' id='word_1_230' title='bbox 2263 2772 2524 2854; x_wconf 89' lang='lat' dir='ltr'>glossae</span> <span class='ocrx_word' id='word_1_231' title='bbox 2571 2770 2958 2854; x_wconf 91' lang='lat' dir='ltr'>(glossulae)</span> <span class='ocrx_word' id='word_1_232' title='bbox 3007 2791 3043 2836; x_wconf 91' lang='lat' dir='ltr'>e</span> 
     </span>
     <span class='ocr_line' id='line_1_26' title="bbox 387 2867 3046 2953; baseline 0 -19"><span class='ocrx_word' id='word_1_233' title='bbox 387 2869 663 2934; x_wconf 90' lang='lat' dir='ltr'>diversis</span> <span class='ocrx_word' id='word_1_234' title='bbox 708 2868 975 2934; x_wconf 88' lang='lat' dir='ltr'>Decreti</span> <span class='ocrx_word' id='word_1_235' title='bbox 1033 2869 1458 2952; x_wconf 89' lang='lat' dir='ltr'>apparatibus</span> <span class='ocrx_word' id='word_1_236' title='bbox 1523 2869 1891 2951; x_wconf 88' lang='lat' dir='ltr'>glossarum</span> <span class='ocrx_word' id='word_1_237' title='bbox 1940 2867 2430 2953; x_wconf 81' lang='lat' dir='ltr'>(glossularum)</span> <span class='ocrx_word' id='word_1_238' title='bbox 2490 2869 2926 2953; x_wconf 89' lang='lat' dir='ltr'>seligerentur</span> <span class='ocrx_word' id='word_1_239' title='bbox 2974 2873 3046 2935; x_wconf 91' lang='lat' dir='ltr'>et</span> 
     </span>
     <span class='ocr_line' id='line_1_27' title="bbox 385 2965 3042 3051; baseline -0 -18"><span class='ocrx_word' id='word_1_240' title='bbox 385 2967 602 3033; x_wconf 87' lang='lat' dir='ltr'>textui</span> <span class='ocrx_word' id='word_1_241' title='bbox 646 2967 911 3032; x_wconf 91' lang='lat' dir='ltr'>Decreti</span> <span class='ocrx_word' id='word_1_242' title='bbox 957 2971 1459 3051; x_wconf 90' lang='lat' dir='ltr'>apponerentur,</span> <span class='ocrx_word' id='word_1_243' title='bbox 1507 2987 1590 3031; x_wconf 91' lang='lat' dir='ltr'>ne</span> <span class='ocrx_word' id='word_1_244' title='bbox 1635 2966 1829 3031; x_wconf 86' lang='lat' dir='ltr'>facile</span> <span class='ocrx_word' id='word_1_245' title='bbox 1876 2966 2043 3032; x_wconf 91' lang='lat' dir='ltr'>alius</span> <span class='ocrx_word' id='word_1_246' title='bbox 2091 2967 2379 3033; x_wconf 89' lang='lat' dir='ltr'>auctoris</span> <span class='ocrx_word' id='word_1_247' title='bbox 2425 2969 2648 3050; x_wconf 86' lang='lat' dir='ltr'>glossa</span> <span class='ocrx_word' id='word_1_248' title='bbox 2693 2965 3042 3049; x_wconf 90' lang='lat' dir='ltr'>(glossula)</span> 
     </span>
     <span class='ocr_line' id='line_1_28' title="bbox 385 3063 3044 3148; baseline 0 -18"><span class='ocrx_word' id='word_1_249' title='bbox 385 3065 786 3131; x_wconf 92' lang='lat' dir='ltr'>tribueretur</span> <span class='ocrx_word' id='word_1_250' title='bbox 832 3063 961 3143; x_wconf 90' lang='lat' dir='ltr'>alii,</span> <span class='ocrx_word' id='word_1_251' title='bbox 1009 3065 1289 3130; x_wconf 89' lang='lat' dir='ltr'>invaluit</span> <span class='ocrx_word' id='word_1_252' title='bbox 1334 3085 1508 3142; x_wconf 91' lang='lat' dir='ltr'>usus,</span> <span class='ocrx_word' id='word_1_253' title='bbox 1557 3069 1631 3131; x_wconf 92' lang='lat' dir='ltr'>ut</span> <span class='ocrx_word' id='word_1_254' title='bbox 1679 3064 1951 3146; x_wconf 92' lang='lat' dir='ltr'>singulis</span> <span class='ocrx_word' id='word_1_255' title='bbox 1998 3064 2234 3147; x_wconf 90' lang='lat' dir='ltr'>glossis</span> <span class='ocrx_word' id='word_1_256' title='bbox 2281 3063 2640 3148; x_wconf 92' lang='lat' dir='ltr'>(glossulis)</span> <span class='ocrx_word' id='word_1_257' title='bbox 2688 3087 2773 3130; x_wconf 92' lang='lat' dir='ltr'>ex</span> <span class='ocrx_word' id='word_1_258' title='bbox 2820 3065 3044 3147; x_wconf 89' lang='lat' dir='ltr'>aliquo</span> 
     </span>
     <span class='ocr_line' id='line_1_29' title="bbox 387 3161 3044 3247; baseline 0 -19"><span class='ocrx_word' id='word_1_259' title='bbox 387 3167 711 3247; x_wconf 90' lang='lat' dir='ltr'>apparatu</span> <span class='ocrx_word' id='word_1_260' title='bbox 756 3162 1064 3229; x_wconf 89' lang='lat' dir='ltr'>assumtis</span> <span class='ocrx_word' id='word_1_261' title='bbox 1112 3166 1180 3228; x_wconf 89' lang='lat' dir='ltr'>et</span> <span class='ocrx_word' id='word_1_262' title='bbox 1224 3162 1442 3228; x_wconf 88' lang='lat' dir='ltr'>textui</span> <span class='ocrx_word' id='word_1_263' title='bbox 1473 3162 1736 3228; x_wconf 91' lang='lat' dir='ltr'>Decreti</span> <span class='ocrx_word' id='word_1_264' title='bbox 1769 3161 2086 3247; x_wconf 89' lang='lat' dir='ltr'>appositis</span> <span class='ocrx_word' id='word_1_265' title='bbox 2115 3162 2307 3227; x_wconf 91' lang='lat' dir='ltr'>simul</span> <span class='ocrx_word' id='word_1_266' title='bbox 2337 3184 2575 3228; x_wconf 90' lang='lat' dir='ltr'>nomen</span> <span class='ocrx_word' id='word_1_267' title='bbox 2605 3163 2779 3228; x_wconf 91' lang='lat' dir='ltr'>illius</span> <span class='ocrx_word' id='word_1_268' title='bbox 2812 3167 3044 3228; x_wconf 91' lang='lat' dir='ltr'>aucto-</span> 
     </span>
     <span class='ocr_line' id='line_1_30' title="bbox 386 3259 3040 3346; baseline -0 -20"><span class='ocrx_word' id='word_1_269' title='bbox 386 3261 496 3339; x_wconf 81' lang='lat' dir='ltr'>riS,</span> <span class='ocrx_word' id='word_1_270' title='bbox 544 3262 652 3326; x_wconf 92' lang='lat' dir='ltr'>vel</span> <span class='ocrx_word' id='word_1_271' title='bbox 698 3262 934 3326; x_wconf 89' lang='lat' dir='ltr'>saltem</span> <span class='ocrx_word' id='word_1_272' title='bbox 965 3259 1373 3326; x_wconf 87' lang='lat' dir='ltr'>abbreviatio</span> <span class='ocrx_word' id='word_1_273' title='bbox 1403 3259 1685 3325; x_wconf 90' lang='lat' dir='ltr'>nominis</span> <span class='ocrx_word' id='word_1_274' title='bbox 1732 3262 1871 3344; x_wconf 88' lang='lat' dir='ltr'>ejus</span> <span class='ocrx_word' id='word_1_275' title='bbox 1904 3281 2039 3339; x_wconf 91' lang='lat' dir='ltr'>seu,</span> <span class='ocrx_word' id='word_1_276' title='bbox 2090 3260 2184 3326; x_wconf 93' lang='lat' dir='ltr'>uti</span> <span class='ocrx_word' id='word_1_277' title='bbox 2233 3260 2489 3338; x_wconf 89' lang='lat' dir='ltr'>dicitur,</span> <span class='ocrx_word' id='word_1_278' title='bbox 2538 3263 2701 3346; x_wconf 73' lang='lat' dir='ltr'>siqla</span> <span class='ocrx_word' id='word_1_279' title='bbox 2748 3261 3040 3345; x_wconf 88' lang='lat' dir='ltr'>ejusdem</span> 
     </span>
     <span class='ocr_line' id='line_1_31' title="bbox 386 3356 1291 3437; baseline 0.001 -13"><span class='ocrx_word' id='word_1_280' title='bbox 386 3359 693 3437; x_wconf 81' lang='lat' dir='ltr'>auctoriS,</span> <span class='ocrx_word' id='word_1_281' title='bbox 743 3358 1225 3424; x_wconf 87' lang='lat' dir='ltr'>adscriberetur</span> <span class='ocrx_word' id='word_1_282' title='bbox 1245 3356 1291 3425; x_wconf 84' lang='lat'><strong>⁵.</strong></span> 
     </span>
    </p>
   </div>
   <div class='ocr_carea' id='block_1_7' title="bbox 385 3565 3038 4064">
    <p class='ocr_par' dir='ltr' id='par_1_8' title="bbox 565 3565 3038 3638">
     <span class='ocr_line' id='line_1_32' title="bbox 565 3565 3038 3638; baseline -0.001 -16"><span class='ocrx_word' id='word_1_283' title='bbox 565 3571 586 3605; x_wconf 88' lang='lat'>¹</span> <span class='ocrx_word' id='word_1_284' title='bbox 624 3570 860 3637; x_wconf 76' lang='lat' dir='ltr'>Saviyny</span> <span class='ocrx_word' id='word_1_285' title='bbox 874 3610 889 3638; x_wconf 87' lang='lat'>,</span> <span class='ocrx_word' id='word_1_286' title='bbox 942 3567 1268 3623; x_wconf 86' lang='lat' dir='ltr'>Geschichte</span> <span class='ocrx_word' id='word_1_287' title='bbox 1319 3567 1416 3621; x_wconf 89' lang='lat' dir='ltr'>des</span> <span class='ocrx_word' id='word_1_288' title='bbox 1451 3573 1583 3620; x_wconf 74' lang='lat' dir='ltr'>rom.</span> <span class='ocrx_word' id='word_1_289' title='bbox 1622 3565 1828 3620; x_wconf 89' lang='lat' dir='ltr'>Rechts</span> <span class='ocrx_word' id='word_1_290' title='bbox 1863 3566 1938 3619; x_wconf 92' lang='lat' dir='ltr'>im</span> <span class='ocrx_word' id='word_1_291' title='bbox 1975 3565 2298 3620; x_wconf 79' lang='lat' dir='ltr'>Mittelalter</span> <span class='ocrx_word' id='word_1_292' title='bbox 2314 3608 2328 3630; x_wconf 87' lang='lat'>,</span> <span class='ocrx_word' id='word_1_293' title='bbox 2363 3569 2494 3619; x_wconf 87' lang='lat' dir='ltr'>tom.</span> <span class='ocrx_word' id='word_1_294' title='bbox 2533 3566 2627 3620; x_wconf 91' lang='lat' dir='ltr'><strong>III.</strong></span> <span class='ocrx_word' id='word_1_295' title='bbox 2665 3583 2717 3636; x_wconf 88' lang='lat' dir='ltr'>p.</span> <span class='ocrx_word' id='word_1_296' title='bbox 2757 3567 2878 3621; x_wconf 87' lang='lat'><strong>556.</strong></span> <span class='ocrx_word' id='word_1_297' title='bbox 2917 3583 3038 3634; x_wconf 88' lang='lat' dir='ltr'>sqq.</span> 
     </span>
    </p>

    <p class='ocr_par' dir='ltr' id='par_1_9' title="bbox 385 3654 3038 3808">
     <span class='ocr_line' id='line_1_33' title="bbox 563 3654 3038 3726; baseline -0.001 -15"><span class='ocrx_word' id='word_1_298' title='bbox 563 3659 586 3694; x_wconf 82' lang='lat'>²</span> <span class='ocrx_word' id='word_1_299' title='bbox 624 3659 851 3726; x_wconf 78' lang='lat' dir='ltr'>Schulte,</span> <span class='ocrx_word' id='word_1_300' title='bbox 888 3657 988 3711; x_wconf 94' lang='lat' dir='ltr'>Die</span> <span class='ocrx_word' id='word_1_301' title='bbox 1015 3657 1208 3712; x_wconf 86' lang='lat' dir='ltr'>Glosse</span> <span class='ocrx_word' id='word_1_302' title='bbox 1241 3674 1363 3709; x_wconf 89' lang='lat' dir='ltr'>zum</span> <span class='ocrx_word' id='word_1_303' title='bbox 1388 3655 1587 3710; x_wconf 90' lang='lat' dir='ltr'>Decret</span> <span class='ocrx_word' id='word_1_304' title='bbox 1613 3655 1886 3720; x_wconf 84' lang='lat' dir='ltr'>Gratians,</span> <span class='ocrx_word' id='word_1_305' title='bbox 1925 3654 1981 3708; x_wconf 90' lang='lat' dir='ltr'>in</span> <span class='ocrx_word' id='word_1_306' title='bbox 2014 3654 2130 3710; x_wconf 82' lang='lat' dir='ltr'>citt.</span> <span class='ocrx_word' id='word_1_307' title='bbox 2159 3654 2368 3724; x_wconf 88' lang='lat' dir='ltr'>scriptt.</span> <span class='ocrx_word' id='word_1_308' title='bbox 2406 3655 2697 3709; x_wconf 84' lang='lat' dir='ltr'>memorab.</span> <span class='ocrx_word' id='word_1_309' title='bbox 2734 3658 2866 3708; x_wconf 87' lang='lat' dir='ltr'>tom.</span> <span class='ocrx_word' id='word_1_310' title='bbox 2891 3654 3038 3708; x_wconf 88' lang='lat' dir='ltr'><strong>XXI.</strong></span> 
     </span>
     <span class='ocr_line' id='line_1_34' title="bbox 385 3738 830 3808; baseline 0 -17"><span class='ocrx_word' id='word_1_311' title='bbox 385 3741 525 3808; x_wconf 90' lang='lat' dir='ltr'>part.</span> <span class='ocrx_word' id='word_1_312' title='bbox 563 3738 614 3792; x_wconf 82' lang='lat'><strong>2.</strong></span> <span class='ocrx_word' id='word_1_313' title='bbox 653 3755 704 3808; x_wconf 90' lang='lat' dir='ltr'>p.</span> <span class='ocrx_word' id='word_1_314' title='bbox 745 3738 830 3791; x_wconf 87' lang='grc'>89.</span> 
     </span>
    </p>

    <p class='ocr_par' dir='ltr' id='par_1_10' title="bbox 564 3826 1446 3896">
     <span class='ocr_line' id='line_1_35' title="bbox 564 3826 1446 3896; baseline -0.001 -16"><span class='ocrx_word' id='word_1_315' title='bbox 564 3828 585 3862; x_wconf 81' lang='lat'><strong>⁸</strong></span> <span class='ocrx_word' id='word_1_316' title='bbox 624 3828 836 3880; x_wconf 78' lang='lat' dir='ltr'>Schulte</span> <span class='ocrx_word' id='word_1_317' title='bbox 870 3826 906 3880; x_wconf 96' lang='lat' dir='ltr'>l.</span> <span class='ocrx_word' id='word_1_318' title='bbox 946 3844 992 3881; x_wconf 90' lang='lat' dir='ltr'>c.</span> <span class='ocrx_word' id='word_1_319' title='bbox 1031 3844 1082 3896; x_wconf 92' lang='lat' dir='ltr'>p.</span> <span class='ocrx_word' id='word_1_320' title='bbox 1123 3827 1207 3880; x_wconf 88' lang='lat'>75.</span> <span class='ocrx_word' id='word_1_321' title='bbox 1245 3829 1356 3880; x_wconf 91' lang='lat' dir='ltr'>not.</span> <span class='ocrx_word' id='word_1_322' title='bbox 1395 3826 1446 3879; x_wconf 82' lang='lat'><strong>2.</strong></span> 
     </span>
    </p>

    <p class='ocr_par' dir='ltr' id='par_1_11' title="bbox 385 3911 3038 4064">
     <span class='ocr_line' id='line_1_36' title="bbox 562 3911 3038 3982; baseline -0.001 -13"><span class='ocrx_word' id='word_1_323' title='bbox 562 3917 587 3951; x_wconf 73' lang='lat'>⁴</span> <span class='ocrx_word' id='word_1_324' title='bbox 624 3915 910 3970; x_wconf 88' lang='lat' dir='ltr'>Ordinaria</span> <span class='ocrx_word' id='word_1_325' title='bbox 934 3933 1032 3969; x_wconf 89' lang='lat' dir='ltr'>seu</span> <span class='ocrx_word' id='word_1_326' title='bbox 1055 3914 1389 3982; x_wconf 77' lang='lat' dir='ltr'>marginaIiS,</span> <span class='ocrx_word' id='word_1_327' title='bbox 1417 3932 1451 3969; x_wconf 88' lang='lat' dir='ltr'>a</span> <span class='ocrx_word' id='word_1_328' title='bbox 1474 3916 1782 3981; x_wconf 79' lang='lat' dir='ltr'>Walafrido</span> <span class='ocrx_word' id='word_1_329' title='bbox 1811 3915 2088 3982; x_wconf 82' lang='lat' dir='ltr'>Strabone,</span> <span class='ocrx_word' id='word_1_330' title='bbox 2114 3914 2311 3967; x_wconf 86' lang='lat' dir='ltr'>abbate</span> <span class='ocrx_word' id='word_1_331' title='bbox 2338 3915 2549 3982; x_wconf 74' lang='lat' dir='ltr'>Auyiae</span> <span class='ocrx_word' id='word_1_332' title='bbox 2576 3915 2777 3967; x_wconf 80' lang='lat' dir='ltr'>Divitis</span> <span class='ocrx_word' id='word_1_333' title='bbox 2807 3913 2862 3981; x_wconf 87' lang='lat'>(†</span> <span class='ocrx_word' id='word_1_334' title='bbox 2887 3911 3038 3980; x_wconf 83' lang='lat'>849),</span> 
     </span>
     <span class='ocr_line' id='line_1_37' title="bbox 385 3992 3035 4064; baseline -0.001 -15"><span class='ocrx_word' id='word_1_335' title='bbox 385 3998 442 4049; x_wconf 90' lang='lat' dir='ltr'>et</span> <span class='ocrx_word' id='word_1_336' title='bbox 477 3998 845 4049; x_wconf 75' lang='lat' dir='ltr'>interlinearis</span> <span class='ocrx_word' id='word_1_337' title='bbox 857 4037 874 4064; x_wconf 87' lang='lat'>,</span> <span class='ocrx_word' id='word_1_338' title='bbox 925 3995 993 4049; x_wconf 87' lang='lat' dir='ltr'>ab</span> <span class='ocrx_word' id='word_1_339' title='bbox 1031 3997 1281 4049; x_wconf 79' lang='lat' dir='ltr'>Anselmo</span> <span class='ocrx_word' id='word_1_340' title='bbox 1293 4037 1310 4064; x_wconf 87' lang='lat'>,</span> <span class='ocrx_word' id='word_1_341' title='bbox 1361 3994 1708 4048; x_wconf 88' lang='lat' dir='ltr'>Laudunensi</span> <span class='ocrx_word' id='word_1_342' title='bbox 1743 3994 1801 4047; x_wconf 91' lang='lat' dir='ltr'>in</span> <span class='ocrx_word' id='word_1_343' title='bbox 1840 3993 2019 4049; x_wconf 85' lang='lat' dir='ltr'>Gallia</span> <span class='ocrx_word' id='word_1_344' title='bbox 2056 3992 2313 4048; x_wconf 88' lang='lat' dir='ltr'>canonico</span> <span class='ocrx_word' id='word_1_345' title='bbox 2365 3993 2421 4061; x_wconf 87' lang='lat'>(†</span> <span class='ocrx_word' id='word_1_346' title='bbox 2471 3993 2668 4061; x_wconf 89' lang='lat'>1117),</span> <span class='ocrx_word' id='word_1_347' title='bbox 2721 3992 3035 4063; x_wconf 85' lang='lat' dir='ltr'>composita.</span> 
     </span>
    </p>
   </div>
   <div class='ocr_carea' id='block_1_8' title="bbox 385 4074 3036 4226">
    <p class='ocr_par' dir='ltr' id='par_1_12' title="bbox 385 4074 3036 4226">
     <span class='ocr_line' id='line_1_38' title="bbox 387 4074 3036 4143; baseline -0.002 -13"><span class='ocrx_word' id='word_1_348' title='bbox 387 4075 496 4130; x_wconf 86' lang='lat' dir='ltr'>cfr.</span> <span class='ocrx_word' id='word_1_349' title='bbox 534 4075 772 4130; x_wconf 89' lang='lat' dir='ltr'>Lexicon</span> <span class='ocrx_word' id='word_1_350' title='bbox 807 4075 938 4130; x_wconf 91' lang='lat' dir='ltr'>eccl.</span> <span class='ocrx_word' id='word_1_351' title='bbox 976 4075 1356 4143; x_wconf 82' lang='lat' dir='ltr'>Friburgense,</span> <span class='ocrx_word' id='word_1_352' title='bbox 1393 4076 1476 4129; x_wconf 91' lang='lat' dir='ltr'>ed.</span> <span class='ocrx_word' id='word_1_353' title='bbox 1514 4074 1763 4142; x_wconf 86' lang='lat' dir='ltr'>Friburg.</span> <span class='ocrx_word' id='word_1_354' title='bbox 1802 4074 1981 4142; x_wconf 88' lang='lat' dir='ltr'>Brisg.</span> <span class='ocrx_word' id='word_1_355' title='bbox 2024 4074 2160 4129; x_wconf 87' lang='grc'>1847</span> <span class='ocrx_word' id='word_1_356' title='bbox 2199 4091 2337 4143; x_wconf 66' lang='lat' dir='ltr'>sqq„</span> <span class='ocrx_word' id='word_1_357' title='bbox 2373 4078 2503 4128; x_wconf 87' lang='lat' dir='ltr'>tom.</span> <span class='ocrx_word' id='word_1_358' title='bbox 2543 4074 2636 4128; x_wconf 85' lang='lat' dir='ltr'><strong>IV.</strong></span> <span class='ocrx_word' id='word_1_359' title='bbox 2675 4092 2726 4143; x_wconf 93' lang='lat' dir='ltr'>p.</span> <span class='ocrx_word' id='word_1_360' title='bbox 2766 4074 2889 4128; x_wconf 88' lang='lat'><strong>540.</strong></span> <span class='ocrx_word' id='word_1_361' title='bbox 2915 4090 3036 4142; x_wconf 88' lang='lat' dir='ltr'>sqq.</span> 
     </span>
     <span class='ocr_line' id='line_1_39' title="bbox 385 4155 2021 4226; baseline -0.002 -15"><span class='ocrx_word' id='word_1_362' title='bbox 385 4159 516 4211; x_wconf 64' lang='lat' dir='ltr'>art:</span> <span class='ocrx_word' id='word_1_363' title='bbox 562 4159 795 4225; x_wconf 77' lang='lat' dir='ltr'>Glossen,</span> <span class='ocrx_word' id='word_1_364' title='bbox 834 4157 1114 4223; x_wconf 77' lang='lat' dir='ltr'>biblische;</span> <span class='ocrx_word' id='word_1_365' title='bbox 1149 4156 1233 4209; x_wconf 90' lang='lat' dir='ltr'>ed.</span> <span class='ocrx_word' id='word_1_366' title='bbox 1272 4155 1339 4209; x_wconf 94' lang='grc' dir='ltr'>ΙΙ.</span> <span class='ocrx_word' id='word_1_367' title='bbox 1377 4159 1505 4209; x_wconf 85' lang='lat' dir='ltr'>tom.</span> <span class='ocrx_word' id='word_1_368' title='bbox 1544 4155 1610 4209; x_wconf 89' lang='lat' dir='ltr'><strong>V.</strong></span> <span class='ocrx_word' id='word_1_369' title='bbox 1650 4174 1703 4226; x_wconf 88' lang='lat' dir='ltr'>p.</span> <span class='ocrx_word' id='word_1_370' title='bbox 1743 4156 1863 4210; x_wconf 88' lang='lat'><strong>710.</strong></span> <span class='ocrx_word' id='word_1_371' title='bbox 1903 4172 2021 4224; x_wconf 91' lang='lat' dir='ltr'>sqq.</span> 
     </span>
    </p>
   </div>
   <div class='ocr_carea' id='block_1_9' title="bbox 385 4241 3108 4474">
    <p class='ocr_par' dir='ltr' id='par_1_13' title="bbox 385 4241 3108 4474">
     <span class='ocr_line' id='line_1_40' title="bbox 565 4241 3035 4314; baseline -0.002 -15"><span class='ocrx_word' id='word_1_372' title='bbox 565 4246 587 4282; x_wconf 77' lang='lat'>⁵</span> <span class='ocrx_word' id='word_1_373' title='bbox 621 4245 688 4299; x_wconf 90' lang='lat' dir='ltr'><strong>V.</strong></span> <span class='ocrx_word' id='word_1_374' title='bbox 726 4262 780 4312; x_wconf 89' lang='lat' dir='ltr'>g.</span> <span class='ocrx_word' id='word_1_375' title='bbox 819 4244 867 4298; x_wconf 89' lang='lat' dir='ltr'>si</span> <span class='ocrx_word' id='word_1_376' title='bbox 903 4262 1068 4314; x_wconf 87' lang='lat' dir='ltr'>supra</span> <span class='ocrx_word' id='word_1_377' title='bbox 1104 4245 1399 4298; x_wconf 90' lang='lat' dir='ltr'>adductum</span> <span class='ocrx_word' id='word_1_378' title='bbox 1443 4246 1658 4298; x_wconf 85' lang='lat' dir='ltr'>textum</span> <span class='ocrx_word' id='word_1_379' title='bbox 1697 4262 1743 4299; x_wconf 91' lang='lat' dir='ltr'>c.</span> <span class='ocrx_word' id='word_1_380' title='bbox 1783 4245 1832 4298; x_wconf 90' lang='lat'><strong>5.</strong></span> <span class='ocrx_word' id='word_1_381' title='bbox 1872 4262 1950 4313; x_wconf 90' lang='lat' dir='ltr'>pr.</span> <span class='ocrx_word' id='word_1_382' title='bbox 1990 4242 2053 4297; x_wconf 91' lang='lat' dir='ltr'><strong>D.</strong></span> <span class='ocrx_word' id='word_1_383' title='bbox 2094 4244 2135 4296; x_wconf 92' lang='lat' dir='ltr'><strong>I.</strong></span> <span class='ocrx_word' id='word_1_384' title='bbox 2174 4260 2305 4313; x_wconf 85' lang='lat' dir='ltr'>prae</span> <span class='ocrx_word' id='word_1_385' title='bbox 2341 4241 2513 4296; x_wconf 88' lang='lat' dir='ltr'>oculis</span> <span class='ocrx_word' id='word_1_386' title='bbox 2549 4242 2877 4305; x_wconf 79' lang='lat' dir='ltr'>habeamuS,</span> <span class='ocrx_word' id='word_1_387' title='bbox 2928 4241 3035 4295; x_wconf 88' lang='lat' dir='ltr'>ita:</span> 
     </span>
     <span class='ocr_line' id='line_1_41' title="bbox 568 4321 2597 4394; baseline -0.001 -15"><span class='ocrx_word' id='word_1_388' title='bbox 568 4324 942 4391; x_wconf 81' lang='lat' dir='ltr'>„Consuetudo</span> <span class='ocrx_word' id='word_1_389' title='bbox 966 4328 1148 4379; x_wconf 88' lang='lat' dir='ltr'>autem</span> <span class='ocrx_word' id='word_1_390' title='bbox 1176 4326 1262 4378; x_wconf 90' lang='lat' dir='ltr'>est</span> <span class='ocrx_word' id='word_1_391' title='bbox 1275 4323 1367 4394; x_wconf 89' lang='lat' dir='ltr'>jus</span> <span class='ocrx_word' id='word_1_392' title='bbox 1395 4323 1443 4392; x_wconf 71' lang='lat'>⁸)</span> <span class='ocrx_word' id='word_1_393' title='bbox 1534 4323 1590 4392; x_wconf 90' lang='lat' dir='ltr'>a)</span> <span class='ocrx_word' id='word_1_394' title='bbox 1634 4326 1741 4377; x_wconf 72' lang='lat' dir='ltr'>Jus</span> <span class='ocrx_word' id='word_1_395' title='bbox 1776 4323 1809 4378; x_wconf 93' lang='lat' dir='ltr'>i.</span> <span class='ocrx_word' id='word_1_396' title='bbox 1849 4342 1895 4377; x_wconf 93' lang='lat' dir='ltr'>e.</span> <span class='ocrx_word' id='word_1_397' title='bbox 1935 4340 2123 4376; x_wconf 90' lang='lat' dir='ltr'>norma</span> <span class='ocrx_word' id='word_1_398' title='bbox 2154 4321 2311 4393; x_wconf 75' lang='lat' dir='ltr'>juriS.</span> <span class='ocrx_word' id='word_1_399' title='bbox 2349 4325 2597 4389; x_wconf 64' lang='lat' dir='ltr'>Rufinus.</span> 
     </span>
     <span class='ocr_line' id='line_1_42' title="bbox 385 4402 3108 4474; baseline -0.001 -15"><span class='ocrx_word' id='word_1_400' title='bbox 385 4406 653 4474; x_wconf 85' lang='lat' dir='ltr'>quoddam</span> <span class='ocrx_word' id='word_1_401' title='bbox 724 4404 963 4458; x_wconf 91' lang='lat' dir='ltr'>moribus</span> <span class='ocrx_word' id='word_1_402' title='bbox 982 4403 1036 4472; x_wconf 83' lang='lat' dir='ltr'>b)</span> <span class='ocrx_word' id='word_1_403' title='bbox 1113 4403 1442 4469; x_wconf 89' lang='lat' dir='ltr'>institutum,</span> <span class='ocrx_word' id='word_1_404' title='bbox 1538 4403 1596 4472; x_wconf 91' lang='lat' dir='ltr'>b)</span> <span class='ocrx_word' id='word_1_405' title='bbox 1637 4405 1885 4458; x_wconf 73' lang='lat' dir='ltr'>Moribus</span> <span class='ocrx_word' id='word_1_406' title='bbox 1920 4403 1954 4457; x_wconf 93' lang='lat' dir='ltr'>i.</span> <span class='ocrx_word' id='word_1_407' title='bbox 1982 4421 2028 4457; x_wconf 92' lang='lat' dir='ltr'>e.</span> <span class='ocrx_word' id='word_1_408' title='bbox 2053 4402 2267 4457; x_wconf 81' lang='lat' dir='ltr'>iteratis</span> <span class='ocrx_word' id='word_1_409' title='bbox 2292 4402 2520 4458; x_wconf 61' lang='lat' dir='ltr'>actibus</span> <span class='ocrx_word' id='word_1_410' title='bbox 2553 4404 2731 4456; x_wconf 80' lang='lat' dir='ltr'>Gand.</span> <span class='ocrx_word' id='word_1_411' title='bbox 2760 4402 3036 4470; x_wconf 67' lang='lat' dir='ltr'>(alphus).</span> <span class='ocrx_word' id='word_1_412' title='bbox 3105 4425 3108 4430; x_wconf 89' lang='lat'>·</span> 
     </span>
    </p>
   </div>
   <div class='ocr_carea' id='block_1_10' title="bbox 384 4482 3036 4555">
    <p class='ocr_par' dir='ltr' id='par_1_14' title="bbox 384 4482 3036 4555">
     <span class='ocr_line' id='line_1_43' title="bbox 384 4482 3036 4555; baseline -0.002 -17"><span class='ocrx_word' id='word_1_413' title='bbox 384 4486 526 4554; x_wconf 91' lang='lat' dir='ltr'>quod</span> <span class='ocrx_word' id='word_1_414' title='bbox 563 4503 659 4555; x_wconf 92' lang='lat' dir='ltr'>pro</span> <span class='ocrx_word' id='word_1_415' title='bbox 694 4485 818 4552; x_wconf 91' lang='lat' dir='ltr'>lege</span> <span class='ocrx_word' id='word_1_416' title='bbox 845 4484 893 4552; x_wconf 86' lang='lat' dir='ltr'>c)</span> <span class='ocrx_word' id='word_1_417' title='bbox 945 4484 1241 4554; x_wconf 88' lang='lat' dir='ltr'>suscipitur</span> <span class='ocrx_word' id='word_1_418' title='bbox 1256 4527 1270 4549; x_wconf 87' lang='lat'>,</span> <span class='ocrx_word' id='word_1_419' title='bbox 1321 4501 1444 4538; x_wconf 90' lang='lat' dir='ltr'>cum</span> <span class='ocrx_word' id='word_1_420' title='bbox 1539 4484 1592 4552; x_wconf 91' lang='lat' dir='ltr'>c)</span> <span class='ocrx_word' id='word_1_421' title='bbox 1634 4487 1774 4552; x_wconf 75' lang='lat' dir='ltr'>Leye</span> <span class='ocrx_word' id='word_1_422' title='bbox 1808 4483 1843 4538; x_wconf 95' lang='lat' dir='ltr'>i.</span> <span class='ocrx_word' id='word_1_423' title='bbox 1883 4502 1929 4539; x_wconf 91' lang='lat' dir='ltr'>e.</span> <span class='ocrx_word' id='word_1_424' title='bbox 1967 4500 2155 4537; x_wconf 90' lang='lat' dir='ltr'>norma</span> <span class='ocrx_word' id='word_1_425' title='bbox 2187 4482 2329 4554; x_wconf 87' lang='lat' dir='ltr'>juris</span> <span class='ocrx_word' id='word_1_426' title='bbox 2364 4482 2585 4554; x_wconf 86' lang='lat' dir='ltr'>scripta.</span> <span class='ocrx_word' id='word_1_427' title='bbox 2625 4485 2749 4536; x_wconf 83' lang='lat' dir='ltr'>Mel.</span> <span class='ocrx_word' id='word_1_428' title='bbox 2790 4483 3036 4548; x_wconf 73' lang='lat' dir='ltr'>(endas).</span> 
     </span>
    </p>
   </div>
   <div class='ocr_carea' id='block_1_11' title="bbox 386 4562 3039 4788">
    <p class='ocr_par' dir='ltr' id='par_1_15' title="bbox 386 4562 3039 4788">
     <span class='ocr_line' id='line_1_44' title="bbox 386 4562 3037 4633; baseline -0.001 -15"><span class='ocrx_word' id='word_1_429' title='bbox 386 4564 567 4620; x_wconf 89' lang='lat' dir='ltr'>deficit</span> <span class='ocrx_word' id='word_1_430' title='bbox 600 4565 693 4618; x_wconf 92' lang='lat' dir='ltr'>lex</span> <span class='ocrx_word' id='word_1_431' title='bbox 713 4564 819 4633; x_wconf 78' lang='lat' dir='ltr'>d).⁴‘</span> <span class='ocrx_word' id='word_1_432' title='bbox 1540 4564 1595 4632; x_wconf 90' lang='lat' dir='ltr'>d)</span> <span class='ocrx_word' id='word_1_433' title='bbox 1639 4565 1774 4619; x_wconf 81' lang='lat' dir='ltr'>Cum</span> <span class='ocrx_word' id='word_1_434' title='bbox 1798 4566 1970 4630; x_wconf 80' lang='lat' dir='ltr'>deficit</span> <span class='ocrx_word' id='word_1_435' title='bbox 1996 4566 2096 4617; x_wconf 77' lang='lat' dir='ltr'>lex.</span> <span class='ocrx_word' id='word_1_436' title='bbox 2146 4562 2297 4617; x_wconf 83' lang='lat' dir='ltr'>Talis</span> <span class='ocrx_word' id='word_1_437' title='bbox 2333 4564 2664 4617; x_wconf 86' lang='lat' dir='ltr'>consuetudo</span> <span class='ocrx_word' id='word_1_438' title='bbox 2690 4562 2891 4616; x_wconf 87' lang='lat' dir='ltr'>dicitur</span> <span class='ocrx_word' id='word_1_439' title='bbox 2915 4578 3037 4615; x_wconf 87' lang='lat' dir='ltr'>con-</span> 
     </span>
     <span class='ocr_line' id='line_1_45' title="bbox 1533 4643 3039 4715; baseline -0.003 -16"><span class='ocrx_word' id='word_1_440' title='bbox 1533 4645 1762 4699; x_wconf 89' lang='lat' dir='ltr'>suetudo</span> <span class='ocrx_word' id='word_1_441' title='bbox 1798 4648 2014 4715; x_wconf 84' lang='lat' dir='ltr'>praeter</span> <span class='ocrx_word' id='word_1_442' title='bbox 2061 4643 2256 4710; x_wconf 90' lang='lat' dir='ltr'>legem.</span> <span class='ocrx_word' id='word_1_443' title='bbox 2330 4646 2419 4698; x_wconf 90' lang='lat' dir='ltr'>Jo.</span> <span class='ocrx_word' id='word_1_444' title='bbox 2458 4645 2525 4696; x_wconf 83' lang='lat' dir='ltr'>de</span> <span class='ocrx_word' id='word_1_445' title='bbox 2559 4645 2722 4697; x_wconf 76' lang='lat' dir='ltr'>Fant.</span> <span class='ocrx_word' id='word_1_446' title='bbox 2762 4645 3039 4708; x_wconf 71' lang='lat' dir='ltr'>(Joamwe</span> 
     </span>
     <span class='ocr_line' id='line_1_46' title="bbox 1532 4724 1942 4788; baseline 0 -12"><span class='ocrx_word' id='word_1_447' title='bbox 1532 4727 1596 4777; x_wconf 84' lang='lat' dir='ltr'>de</span> <span class='ocrx_word' id='word_1_448' title='bbox 1631 4724 1942 4788; x_wconf 81' lang='lat' dir='ltr'>Faventia).</span> 
     </span>
    </p>
   </div>
  </div>
 </body>
</html>
