3355 5328
368 353 474 408 220
1163 353 1302 407 Pars
1338 353 1406 407 ΙΙ.
1460 353 1818 409 collectiones
1856 352 2223 407 decretalium.

544 513 749 577 Porro
797 512 1202 594 singularum
1246 513 1870 596 Extravagantium‚
1918 513 2021 578 his
2068 512 2557 579 collectionibus
2604 514 3032 597 comprehen-

367 630 587 675 sarum
611 661 625 689 ‚
687 611 876 676 valor
923 611 1005 675 ab
1067 632 1143 676 eo
1192 611 1547 696 dependet,
1611 616 1834 678 utrum
1881 632 2106 676 earum
2165 614 2394 677 textus
2440 611 2600 676 inibi
2644 613 2894 678 relatus
2940 612 3032 678 sit

367 708 686 790 genuinus
734 713 802 776 et
846 709 1124 791 integer,
1173 731 1294 775 nec
1339 731 1441 776 ne.
1515 710 1725 787 Quum
1772 712 1997 775 autem
2032 708 2277 774 Summi
2308 709 2661 776 Pontifices
2692 710 2852 774 Pius
2884 710 3027 793 IV„

365 806 527 872 Pius
573 808 643 872 V.
695 811 763 873 et
810 808 1158 893 Greqorius
1203 808 1401 874 XIII.
1451 808 1780 873 revisione
1839 808 2073 872 harum
2123 807 2578 873 collectionum
2627 806 3030 873 Correctori-

362 903 486 968 bus
517 905 785 972 Decreti
815 905 1127 971 Romanis
1160 906 1556 972 demandata
1601 905 1958 987 genuinum
2006 909 2074 971 et
2118 905 2450 987 integrum
2494 927 2721 971 earum
2765 909 3030 971 textum

367 1001 719 1068 restituere
777 1003 1212 1070 intenderint:
1273 1004 1424 1070 hinc
1485 1004 1577 1082 ei,
1642 1004 1754 1087 qui
1811 1025 1931 1088 pro
1971 1005 2121 1087 jure
2180 1025 2297 1069 suo
2343 1004 2794 1087 persequendo
2849 1004 3030 1069 locos

367 1120 452 1164 ex
499 1101 782 1167 editione
830 1122 1056 1167 earum
1102 1103 1419 1182 Romana,
1461 1103 1648 1186 jussu
1697 1102 1917 1186 Papae
1953 1101 2251 1185 Gregorii
2298 1102 2473 1167 XHI.
2525 1123 2584 1168 a.
2625 1103 2794 1167 1582
2844 1102 3032 1167 evul-

366 1201 545 1279 gata,
594 1200 703 1264 vel
751 1221 848 1279 ea,
899 1221 1066 1282 quae
1111 1201 1281 1266 hanc
1329 1204 1635 1266 accurate
1683 1201 1998 1283 sequitur,
2048 1201 2315 1282 allegat,
2370 1203 2638 1284 praesto
2687 1203 2791 1265 est
2831 1221 3031 1283 prae-

366 1297 639 1376 sumtio,
688 1298 902 1364 locum
948 1299 1045 1364 ita
1091 1300 1449 1380 allegatum
1497 1319 1644 1364 esse
1690 1298 2045 1380 genuinum
2093 1303 2161 1364 et
2207 1298 2539 1380 integrum
2557 1348 2571 1377 ‚
2621 1319 2788 1380 quae
2833 1318 3030 1382 prae-

367 1395 605 1460 sumtio
654 1394 713 1460 ei
758 1396 1009 1461 tamdiu
1054 1400 1319 1479 praesto
1368 1400 1471 1462 est
1489 1447 1503 1475 ‚
1566 1397 1772 1461 donec
1829 1417 1985 1480 pars
2047 1396 2328 1461 adversa
2386 1396 2578 1480 plene
2623 1395 3027 1480 probaverit,

367 1490 580 1557 locum
627 1493 724 1559 ita
755 1494 1115 1576 allegatum
1148 1515 1291 1559 esse
1321 1494 1740 1559 nihilominus
1771 1493 2063 1578 spurium
2094 1494 2203 1558 vel
2236 1497 2647 1578 corruptum;
2698 1492 2797 1559 uti
2827 1514 3032 1577 supra

369 1589 542 1654 circa
587 1593 942 1659 Decretum
991 1592 1288 1658 Gratiani
1335 1592 1848 1658 observavimus,

546 1689 933 1769 Praeterea,
998 1712 1195 1772 quum
1258 1691 1675 1757 collectiones
1734 1687 1888 1756 illae
1935 1689 2069 1756 sint
2114 1711 2295 1756 mere
2340 1689 2645 1775 privatae
2664 1741 2678 1770 ,
2741 1694 2811 1755 et
2853 1690 3027 1768 hinc,

369 1807 537 1868 quae
597 1786 686 1851 ibi
744 1779 1141 1854 referuntur
1164 1790 1707 1871 Extravagantes
1726 1839 1740 1868 ,
1801 1810 1920 1872 per
1979 1810 2051 1854 se
2110 1788 2368 1853 nonnisi
2429 1792 2691 1855 tantum
2736 1789 3028 1866 valeant,

369 1889 685 1966 quantum
730 1886 1043 1953 valebant
1060 1938 1074 1966 ‚
1139 1891 1491 1969 antequam
1537 1887 1605 1952 in
1652 1908 1766 1953 eas
1811 1888 2064 1952 relatae
2112 1891 2334 1953 erant:
2395 1886 2546 1952 hinc
2602 1887 2671 1951 in
2718 1885 3030 1952 determi-

367 1983 582 2049 nando
628 1984 855 2050 valore
901 1985 1307 2068 singularum
1352 1984 1975 2067 Exti-avagantium,
2023 1984 2092 2049 in
2136 1984 2238 2050 his
2285 1984 2773 2051 collectionibus
2818 1984 3029 2049 inser-

364 2084 585 2146 tarum
602 2133 616 2162 ‚
684 2082 884 2149 etiam
944 2084 1259 2168 temporis
1278 2134 1292 2162 ‚
1360 2105 1486 2165 quo
1549 2083 1766 2149 editae
1825 2082 2125 2161 fuerunt,
2190 2083 2363 2148 ratio
2411 2087 2515 2149 est
2559 2084 2861 2149 habenda
2879 2133 2894 2161 ,
2958 2086 3029 2149 et

366 2179 836 2263 Extravagans
881 2182 1209 2266 posterius
1254 2182 1461 2260 edita,
1509 2182 1692 2266 prius
1740 2181 1957 2247 editae
2005 2181 2369 2265 contraria,
2420 2181 2475 2246 si
2521 2185 2746 2247 tamen
2793 2181 3031 2247 ambae

366 2284 520 2346 sunt
568 2281 858 2364 ejusdem
906 2283 1178 2346 ambitus
1208 2277 1247 2365 ¹,
1306 2281 1627 2362 derogare
1674 2280 2000 2345 censenda
2047 2282 2167 2345 est.

546 2493 563 2526 ¹
605 2490 715 2545 cfr.
754 2509 919 2562 supra
956 2509 1006 2560 p.
1051 2492 1169 2545 145.
