3355 5328
394 262 527 319 XVI
1550 274 1903 346 Conspectus,

1270 559 1663 657 SEOTIO
1724 575 2183 679 QUINTA.

394 752 793 812 Collecti«)
823 758 1508 821 constitutionum
1532 765 1810 836 Papae
1841 769 2291 831 clementis
2319 774 2413 831 v,
2443 791 2517 834 a.
2548 777 2811 853 (1314)
2840 783 3057 843 1317.

1389 974 1643 1048 CAPUT
1688 979 2024 1054 PRIMUM.

547 1131 686 1205 EJus
723 1134 883 1208 origo
921 1139 978 1193 et
1015 1138 1339 1214 publicatio,
1377 1142 1498 1214 ejus
1537 1143 1852 1218 designatio
1890 1150 1947 1206 et
1986 1146 2186 1208 divisio
2224 1154 2282 1210 et
2320 1169 2441 1210 eam
2481 1156 2691 1215 citandi
2729 1162 2896 1234 ratio,

1381 1229 1649 1290 hodierna
1687 1236 1744 1292 et
1782 1235 2045 1315 pristina.

386 1372 419 1440 ξ
460 1374 577 1428 129.
629 1373 764 1445 Ejus
801 1376 952 1443 origo
990 1382 1046 1432 et
1082 1380 1377 1449 publicatio
1468 1384 1506 1436 ’.
1656 1427 1667 1439 .
1818 1429 1829 1461 .
1981 1430 1992 1442 .
2143 1433 2153 1444 .
2306 1435 2316 1446 .
2467 1437 2477 1448 .
2628 1439 2639 1450 .
2788 1441 2799 1452 .
2951 1402 3054 1456 196

385 1453 418 1519 ἓ
459 1454 577 1508 130.
632 1454 768 1524 Ejus
807 1457 1110 1525 designatio
1168 1502 1178 1513 .
1328 1503 1339 1515 .
1974 1510 1986 1522 .
2137 1513 2145 1522 .
2299 1515 2311 1526 .
2461 1516 2472 1527 .
2623 1519 2633 1530 .
2784 1520 2795 1532 .
2946 1481 3051 1536 199

384 1533 417 1599 5
459 1534 576 1588 131.
631 1533 766 1604 Ejus
805 1536 999 1591 divisio
1037 1542 1094 1592 et
1130 1558 1251 1594 eam
1288 1541 1493 1596 citandi
1528 1545 1686 1610 ratic,
1725 1509 1984 1602 hodierna
2023 1553 2080 1604 et
2114 1551 2351 1621 pristina
2462 1595 2473 1607 .
2623 1598 2634 1609 .
2783 1601 2794 1614 .
2945 1561 3050 1616 199

1340 1778 1596 1852 CAPUT
1642 1781 2093 1857 SECUNDUM.

947 1931 1132 1990 Modus
1169 1933 1228 1990 in
1265 1934 1589 1994 adornanda
1624 1939 1731 1996 hac
1769 1940 2099 1999 collectione
2135 1943 2484 2002 observatus.

377 2072 410 2140 ξ
452 2073 569 2127 132.
626 2072 776 2140 Quae
813 2075 889 2130 sit
921 2077 1153 2131 materia
1189 2079 1352 2149 hujus
1390 2080 1728 2136 collectionis
1803 2125 1816 2137 .
1966 2126 1977 2137 .
2128 2127 2140 2139 .
2292 2127 2303 2140 .
2455 2128 2465 2140 .
2615 2129 2626 2141 .
2775 2131 2787 2142 .
2935 2090 3038 2144 201

377 2152 410 2220 ξ
452 2154 568 2208 133.
625 2154 896 2210 Rubricae
931 2157 1219 2212 titulorum
1258 2163 1314 2214 et
1351 2160 1532 2232 capita
1569 2162 1733 2233 hujus
1759 2163 2110 2219 >collectionis
2294 2207 2306 2220 .
2457 2208 2468 2220 .
2617 2209 2628 2220 .
2778 2211 2789 2222 .
2936 2171 3043 2225 202

1353 2388 1610 2461 CAPUT
1654 2390 2040 2464 TERTIUM.

1251 2542 1553 2601 character
1589 2543 1758 2617 hujus
1798 2545 2160 2605 collectionis.

371 2678 404 2745 ξ
445 2679 563 2734 134.
623 2679 1008 2735 Consideratae
1045 2681 1102 2736 in
1138 2701 1198 2737 se
1309 2726 1321 2738 .
1635 2729 1646 2740 .
1960 2731 1971 2742 .
2285 2731 2297 2742 .
2770 2734 2781 2745 .
2929 2694 3039 2750 202

372 2758 405 2825 ἓ
445 2759 565 2813 135.
622 2759 1009 2815 Consideratae
1045 2762 1102 2816 in
1138 2764 1401 2818 relatione
1439 2767 1510 2819 ad
1547 2729 1967 2821 constitutiones
2003 2730 2329 2839 pontificias,
2368 2731 2526 2822 extra
2562 2732 2784 2823 Librum

620 2838 848 2894 Sextum
884 2846 1155 2909 vagantes
1194 2847 1250 2897 et
1285 2844 1342 2897 in
1378 2845 1500 2915 ipsa
1536 2864 1644 2900 non
1682 2847 1920 2901 insertas
1960 2889 1971 2902 .
2124 2890 2134 2901 .
2285 2890 2295 2901 .
2449 2890 2459 2901 .
2609 2891 2620 2901 .
2769 2893 2779 2903 .
2928 2855 3039 2909 203

365 2917 399 2984 ἓ
441 2918 559 2973 136.
619 2919 1005 2975 Consideratae
1041 2921 1097 2975 in
1134 2923 1398 2979 relatione
1435 2926 1506 2979 ad
1542 2926 1766 2981 Librum
1805 2926 2035 2981 Sextum
2125 2970 2136 2982 .
2289 2970 2299 2979 .
2451 2969 2461 2980 .
2611 2970 2621 2981 .
2770 2971 2781 2982 .
2928 2934 3039 2989 203

1339 3152 1599 3227 CAPUT·
1640 3153 2046 3236 QUARTUM.

1184 3309 1366 3367 Fata
1416 3309 1638 3382 huJ'us
1693 3310 2209 3369 collectionis.

1296 3485 1739 3547 'ARTIOULUS
1780 3487 2096 3546 PRIMUS.

573 3621 696 3681 Indo
724 3625 788 3681 ab
826 3626 937 3697 ejus
974 3631 1093 3685 ortu
1127 3646 1287 3701 usqne
1325 3633 1391 3688 ad
1424 3634 1539 3705 eJne
1577 3633 1850 3690 editionem
1886 3631 2249 3688 authenticam
2285 3628 2560 3683 Romanam
2594 3643 2643 3681 a.
2679 3625 2822 3683 1582.

365 3765 396 3831 ξ
438 3765 557 3819 137.
612 3767 872 3823 Publicae
897 3772 1290 3863 praelectiones
1314 3793 1480 3845 super
1517 3793 1581 3829 ea
1619 3775 1674 3829 in
1701 3773 2030 3829 Bononiensi
2069 3776 2126 3826 et
2164 3770 2290 3825 aliis
2315 3765 2782 3822 Universitatibus

612 3846 830 3902 habitae
856 3854 913 3904 et
936 3852 1090 3906 varia
1125 3871 1288 3924 opera
1322 3855 1606 3919 litteraria,
1645 3873 1835 3909 earum
1861 3852 2144 3907 occasione
2184 3865 2350 3917 super
2386 3846 2493 3899 illa>
2518 3846 2781 3898 adornata
2926 3850 3040 3906 203

365 3925 396 3991 ξ
438 3925 555 3980 138.
615 3926 900 3984 Glossator
937 3936 994 3986 et
1030 3933 1216 4000 glossa
1254 3935 1527 3990 ordinaria
1564 3936 1727 4006 hujus
1767 3930 2104 3988 collectionis
2284 3967 2296 3979 .
2446 3965 2457 3976 .
2606 3964 2616 3974 .
2764 3964 2776 3975 .
2926 3928 3043 3986 204

364 4004 397 4071 ἓ
438 4005 554 4060 139.
614 4006 839 4064 Codices
875 4029 1006 4067 mss.
1046 4013 1207 4084 huJ'us
1246 4015 1579 4070 collectionis
1618 4018 1674 4068 et
1711 4015 1831 4083 eJ'us
1869 4012 2076 4083 primae
2116 4006 2383 4062 editiones
2446 4043 2458 4056 .
2606 4042 2617 4053 .
2764 4042 2775 4054 .
2926 4007 3042 4064 204

365 4083 398 4150 ἓ
438 4085 553 4140 140.
609 4087 779 4143 Varia
830 4091 1232 4158 additamenta,
1285 4112 1424 4163 quae
1476 4112 1639 4148 cursu
1676 4091 1941 4160 temporis
1992 4090 2121 4142 huic
2173 4080 2479 4140 collectioni
2514 4079 2570 4132 in
2606 4079 2779 4149 ipsius

611 4168 940 4226 editionibus
976 4177 1327 4227 accesserunt
1468 4215 1479 4226 .
1629 4213 1641 4225 .
1796 4211 1806 4221 .
1956 4209 1967 4219 .
2119 4206 2129 4216 .
2285 4202 2295 4212 .
2444 4200 2455 4211 .
2605 4199 2615 4210 .
2764 4201 2775 4213 .
2926 4166 3039 4223 205

1260 4367 1686 4426 ARTICULUS
1729 4359 2141 4421 SECUNDUS.

655 4505 778 4563 Inde
815 4509 881 4564 ab
917 4509 1026 4581 ejus
1064 4509 1285 4565 editione
1320 4506 1627 4563 authentice
1662 4504 1895 4560 Romana
1933 4497 2061 4553 1582
2098 4509 2259 4565 nsque
2296 4491 2362 4547 ad
2398 4491 2494 4546 hoo
2528 4490 2745 4564 tempus.

363 4642 396 4709 ἓ
437 4645 554 4700 141.
593 4646 775 4702 Editio
811 4648 981 4718 hujus
1011 4647 1348 4703 collectionis
1385 4644 1703 4700 authentica
1741 4642 1986 4695 Romana
2025 4654 2074 4689 a.
2118 4631 2259 4687 1582
2443 4671 2453 4683 .
2602 4671 2612 4682 .
2762 4672 2773 4684 .
2926 4636 3038 4694 205

362 4722 395 4789 ἓ
435 4725 554 4780 142.
609 4728 960 4783 Recentiores
997 4728 1261 4782 editiones
1299 4726 1522 4781 criticae
1557 4723 1724 4792 hujus
1763 4715 2100 4774 collectionis
2282 4751 2293 4764 .
2441 4750 2451 4761 .
2600 4748 2612 4761 .
2761 4752 2773 4763 .
2926 4716 3038 4774 206
