3355 5328
412 314 517 369 112
1213 314 1351 368 Pars
1386 313 1869 368 Π.0011881101188
1904 310 2272 367 decretalium.

405 478 764 540 ventanum
810 472 1011 555 (unde
1056 474 1257 540 etiam
1303 473 1690 557 simpliciter
1717 474 1949 539 Petrus
1979 473 2463 538 Beneventanus
2493 467 2619 534 dici
2649 463 3063 545 80181),81111-

408 572 749 637 diaconum
796 576 865 638 et
910 572 1239 638 notarium
1284 593 1506 648 suum,
1569 571 1935 638 decretales
1980 590 2167 647 suas,
2229 568 2455 653 primis
2503 567 2836 631 duodecim
2882 560 3066 627 annis

407 670 509 734 sui
551 670 983 736 Pontificatus
1030 670 1120 751 (8.
1164 671 1314 737 Jan.
1369 672 1627 735 1198-
1636 672 1697 735 7.
1745 670 1896 735 Jan.
1951 668 2149 749 1210)
2197 667 2430 743 editas,
2477 666 2545 729 in
2590 666 2911 747 quantum
2957 680 3065 725 888

408 767 732 832 8018811181
776 768 923 833 118111
969 788 1116 833 8888
1159 768 1448 845 volebat,
1496 768 1564 832 in
1600 790 1802 833 unum
1849 767 2156 849 colligere
2204 771 2273 832 et
2318 765 2439 830 sub
2485 759 2815 828 consuetis
2860 757 3067 824 titulis

408 864 751 948 disponere
803 867 1019 949 jussit.
1114 866 1577 932 collectionem
1638 867 1723 931 ab
1782 866 1906 931 hoc
1923 916 1939 944 ,
2001 864 2310 930 adhibitis
2369 859 2861 928 collectionibus
2916 856 3068 920 Ber-

406 965 608 1027 nardi
642 964 1123 1048 Compostellani
1170 967 1439 1050 antiqui,
1491 963 1761 1029 Gilberti
1808 967 1879 1029 et
1909 966 2112 1028 Alani
2155 961 2544 1027 adornatam
2573 956 2616 1036 ¹,
2662 957 2849 1039 Papa
2884 954 3068 1018 Inno-

408 1064 648 1126 centius
693 1063 820 1127 IH.
870 1062 1264 1146 approbavit
1310 1068 1379 1130 et
1424 1084 1485 1128 8.
1540 1065 1711 1128 1210
1757 1063 1878 1127 sub
1924 1062 2135 1127 bulla:
2197 1060 2526 1125 Devotiom'
2572 1064 2850 1136 vestrae,
2900 1051 2961 1117 d.
3010 1050 3067 1115 d.

410 1159 515 1224 28.
577 1160 733 1224 Dec.
803 1162 974 1224 1210
1001 1160 1046 1238 ²,
1116 1160 1454 1242 magistris
1519 1164 1587 1226 et
1656 1160 2062 1226 scholaribus
2126 1157 2461 1224 Bononiae
2520 1149 3071 1219 commorantibus

405 1256 794 1334 transmisit,
845 1257 1207 1335 declarans,
1256 1257 1640 1334 decretales,
1685 1258 1755 1322 in
1786 1278 1866 1322 ea
1896 1257 2164 1333 relatas,
2215 1275 2361 1320 esse
2392 1252 2732 1341 genuinas,
2780 1251 2854 1313 et
2883 1266 3072 1331 prae-

408 1353 674 1438 cipiens,
723 1358 799 1420 ut
828 1355 1011 1438 ipsae
1043 1357 1289 1438 absque
1334 1356 1469 1421 ulla
1516 1355 1926 1422 dubitatione
1955 1360 2098 1421 tum
2129 1354 2198 1418 in
2235 1351 2515 1437 judiciis,
2563 1354 2705 1416 tum
2736 1347 2807 1412 in
2838 1342 3074 1411 scholis

410 1452 880 1518 adhiberentur
900 1449 944 1519 ³.

587 1548 768 1625 Quae
812 1550 1224 1616 transmissio
1255 1551 1448 1634 hujus
1479 1551 1881 1617 collectionis
1922 1551 2007 1616 ad
2037 1549 2519 1615 Bononiensem
2546 1541 3076 1611 Universitatem

410 1667 826 1729 nequaquam
883 1647 1059 1714 forte
1106 1649 1191 1713 ad
1238 1669 1387 1713 eum
1446 1651 1641 1715 finem
1703 1649 1884 1715 facta
1931 1652 2035 1714 est
2052 1699 2066 1725 ‚
2130 1651 2207 1713 ut
2265 1644 2564 1711 collectio
2608 1643 2726 1707 illa
2772 1662 2814 1705 a
2859 1640 3078 1704 Bono-

409 1744 620 1809 niensi
662 1743 1120 1812 Universitate
1179 1748 1658 1831 approbaretur
1718 1751 1787 1813 et
1844 1745 2203 1811 universali
2262 1744 2491 1809 valore
2550 1738 2953 1812 muniretur;
3015 1734 3078 1798 id

411 1841 584 1923 quod
642 1846 922 1908 naturae
984 1848 1055 1910 et
1115 1844 1317 1909 indoli
1375 1845 1543 1928 juris
1608 1844 1904 1911 canonici
1968 1865 2046 1910 ac
2102 1840 2542 1927 jurisdictioni
2603 1835 2950 1903 Ecclesiae
3015 1835 3090 1896 et·

413 1938 659 2004 Summi
690 1941 1026 2006 Pontificis
1057 1943 1316 2009 omnino
1364 1942 1864 2018 adversaretur;
1914 1942 2030 2007 sed
2078 1941 2161 2007 ad
2195 1961 2341 2005 eum
2391 1941 2607 2015 finem,
2655 1939 2733 2001 ut
2779 1930 3079 1998 collectio

409 2036 574 2102 haec
617 2059 739 2122 per
785 2040 1277 2105 celeberrimam
1322 2040 1502 2106 illam
1533 2040 2076 2117 Universitatem,
2127 2039 2210 2104 ad
2258 2059 2455 2120 quam
2500 2038 2694 2101 tanta
2724 2027 3080 2096 multitudo

410 2135 836 2214 scholarium,
896 2137 1064 2220 juris
1124 2138 1416 2203 canonici
1478 2142 1547 2204 et
1606 2138 1818 2202 civilis
1877 2137 2355 2213 studiosorum,
2423 2155 2509 2199 ex
2567 2130 2882 2196 universa
2943 2126 3082 2190 fere

409 2232 677 2317 Europa
737 2236 1138 2313 confluebat,
1202 2236 1673 2319 explanaretur
1734 2239 1802 2301 et
1856 2236 1951 2300 818
2007 2234 2076 2299 18
2137 2253 2545 2299 communem
2603 2227 2916 2294 notitiam
2974 2223 3083 2288 de-

412 2328 830 2397 duceretur.
786 2331 812 2367 ⁴

595 2508 613 2539 ¹
651 2502 992 2557 Relationem
1028 2504 1190 2575 hujus
1229 2504 1563 2558 collectionis
1600 2506 1669 2558 ad
1714 2507 1942 2558 Gilberti
1979 2508 2034 2558 et
2071 2506 2244 2557 Alani
2289 2502 2637 2558 collectiones
2673 2500 2733 2553 in
2768 2497 2959 2569 specie
2996 2513 3085 2548 ex-

411 2581 563 2636 hibet
590 2584 820 2652 Schulte,
857 2584 958 2637 Die
986 2584 1415 2654 Compilationen
1441 2583 1683 2639 Gilberts
1720 2586 1831 2638 und
1855 2584 2097 2649 Alanus',
2135 2584 2193 2637 in
2230 2584 2346 2638 citt.
2374 2583 2557 2637 relatt.
2596 2598 2733 2635 8888.
2759 2582 2892 2634 tom.
2920 2574 3085 2630 LXV.

412 2683 464 2734 p.
505 2666 626 2718 695.
667 2664 876 2719 Τ8111118
913 2664 980 2718 Κ.
1057 2664 1166 2719 cfr.
1206 2668 1369 2735 Idem,
1406 2664 1507 2719 Die
1547 2666 1876 2722 Geschichte
1914 2667 2009 2720 der
2046 2664 2291 2731 Quellen,
2329 2669 2458 2719 tom.
2497 2663 2540 2717 I.
2577 2681 2631 2733 p.
2669 2661 2757 2716 88.

596 2753 616 2785 ²
657 2756 924 2822 Potthast,
970 2754 1211 2821 Regesta
1249 2754 1465 2808 Pontiff.
1503 2756 1744 2820 Romm„
1791 2756 1898 2810 vol.
1938 2756 1980 2809 Ι.
2018 2774 2070 2825 p.
2109 2756 2230 2810 358.
2269 2773 2323 2808 n.
2361 2755 2522 2807 4157.
2597 2751 2751 2817 Quae
2786 2748 2978 2810 bulla,
3033 2745 3087 2799 in

414 2832 593 2885 fronte
643 2832 816 2902 ipsius
868 2832 1203 2887 8οΠ881101118
1240 2834 1448 2903 posita,
1500 2839 1687 2899 sonat,
1738 2839 1802 2889 ut
1845 2835 2116 2903 sequitur:
2179 2832 2558 2900 „Innocentius
2593 2831 2689 2885 III.
2730 2830 2794 2884 P.
2832 2827 2886 2881 S.
2930 2826 2987 2880 S.
3025 2826 3087 2879 D.

415 2912 710 2980 [Pontifex,
749 2930 944 2967 servus
981 2930 1263 2967 servorum
1288 2913 1410 2982 Dei]
1448 2914 1723 2969 universis
1758 2914 2041 2983 magistris
2079 2918 2135 2968 et
2171 2913 2513 2968 scholaribus
2537 2909 2815 2965 Bononiae
2854 2924 3086 2962 commo·

413 2991 664 3044 rantibus
714 2992 948 3046 salutem
999 2996 1056 3046 et
1105 2993 1460 3063 apostolicam
1509 2994 1984 3048 benedictionem.“
2072 2993 2390 3059 „Devotioni
2444 2995 2668 3046 vestrae
2717 2986 3090 3043 insinuatione

414 3072 784 3141 praesentium
819 3072 1154 3136 innotescat,
1207 3074 1509 3127 decretales
1546 3073 1806 3143 epistolas
1842 3091 1877 3127 a
1913 3073 2110 3127 (1118810
2146 3072 2258 3127 filio
2295 3071 2561 3139 magistro
2598 3071 2698 3133 Ρ.,
2755 3066 3090 3122 subdiacono

417 3155 473 3204 et
522 3151 732 3204 notario
783 3155 1002 3215 nostre,
1054 3152 1375 3221 compilatas
1411 3152 1645 3206 fideliter
1696 3157 1753 3207 et
1797 3154 1898 3207 sub
1949 3152 2381 3223 competentibus
2417 3151 2603 3206 titulis
2639 3137 2980 3210 collocatae,
3037 3144 3091 3198 in

415 3230 619 3284 nostris
655 3248 827 3298 usque
865 3231 935 3285 ad
972 3194 1091 3285 XII.
1131 3249 1332 3286 annum
1370 3231 1633 3287 contineri
1669 3233 1950 3301 registris,
2006 3250 2143 3301 quas
2181 3232 2251 3286 ad
2289 3232 2562 3286 cautelam
2598 3229 2758 3284 vobis
2796 3228 2902 3281 sub
2941 3225 3092 3280 bulla

415 3314 604 3364 nostra
642 3310 897 3365 duximus
933 3311 1385 3365 transmittendas
1400 3355 1413 3376 ,
1459 3316 1524 3365 ut
1560 3311 1766 3366 eisdem
1801 3314 2007 3381 absque
2045 3312 2290 3380 quolibet
2325 3309 2684 3365 dubitationis
2721 3307 2988 3378 scrupulo
3013 3304 3092 3359 uti

416 3390 656 3460 possitis,
694 3409 818 3445 cum
856 3408 992 3461 opus
1028 3391 1211 3456 fuerit,
1249 3395 1365 3445 tam
1400 3392 1459 3445 in
1490 3391 1727 3462 judiciis,
1766 3409 1930 3460 quam
1965 3392 2022 3445 in
2058 3391 2308 3446 scholis.“

598 3481 619 3514 ³
656 3479 737 3533 De
775 3497 880 3547 quo
925 3482 1235 3533 Tancredus
1280 3480 1316 3533 l.
1356 3498 1403 3534 c.
1446 3481 1614 3550 (apud
1652 3482 1868 3533 Schulte
1879 3522 1896 3549 ,
1947 3480 2047 3535 Die
2086 3479 2417 3535 Geschichte
2454 3480 2550 3532 der
2587 3477 2841 3543 Quellen,
2878 3480 3015 3530 tom.
3055 3475 3092 3527 Ι.

416 3577 467 3628 p.
508 3558 655 3626 244.)
697 3560 881 3623 refert,
920 3563 983 3614 ut
1018 3560 1291 3628 sequitur:
1356 3559 1524 3625 „Quia
1560 3559 1617 3613 in
1651 3560 1773 3629 ipsa
1810 3559 2188 3630 compilatione
2231 3560 2330 3628 (sc.
2369 3558 2638 3612 Bernardi
2663 3554 3095 3627 Compostellani

417 3638 653 3707 antiqui)
696 3640 962 3706 quaedam
998 3640 1410 3710 reperiebantur
1461 3640 1763 3693 decretales
1779 3682 1792 3703 ,
1840 3657 1977 3708 quas
2014 3640 2258 3693 Romana
2310 3638 2461 3693 curia
2497 3637 2782 3692 refutabat
2798 3680 2812 3701 ,
2854 3678 2868 3690 .
2911 3679 2924 3690 .
2966 3678 2979 3689 .
3019 3635 3093 3687 id·

416 3718 562 3772 circo
598 3718 777 3771 felicis
812 3719 1202 3773 recordationis
1241 3718 1488 3773 dominus
1524 3719 1873 3773 Innocentius
1907 3720 2061 3790 Papa
2095 3720 2191 3773 ΠΙ.
2244 3736 2375 3773 81188
2413 3718 2721 3773 decretales
2738 3760 2750 3780 ‚
2808 3734 2992 3785 usque
3030 3714 3095 3768 ad

419 3814 621 3850 annum
656 3797 776 3850 XII.
815 3798 991 3852 editas
1008 3840 1019 3862 ,
1071 3817 1168 3868 per
1203 3798 1530 3866 magistrum
1565 3798 1627 3851 P.
1665 3799 2111 3853 Beneventanum
2127 3840 2142 3864 ,
2191 3798 2464 3853 notarium
2502 3816 2681 3861 suum,
2717 3797 2780 3850 in
2816 3794 3098 3867 praesenti

420 3894 581 3945 opere
620 3876 958 3945 compilatas,
997 3877 1272 3931 Bononiae
1309 3877 1656 3931 studentibus
1694 3877 2037 3932 destinavit.“

601 3964 626 3999 ⁴
661 3963 912 4017 Notanda
966 3964 1134 4018 etiam
1188 3964 1278 4019 hic
1327 3968 1457 4019 sunt
1471 4007 1485 4028 ,
1549 3982 1690 4033 quae
1740 3966 1807 4019 de
1860 3965 2273 4019 transmissione
2321 3963 2672 4026 ‚collectionis
2732 3963 3098 4017 decretalium

420 4044 606 4112 Papae
650 4045 904 4110 Greyorii
940 4046 1049 4096 IX.
1089 4062 1137 4097 a.
1180 4044 1318 4097 1234
1335 4086 1348 4107 ,
1399 4045 1468 4098 ab
1505 4044 1607 4098 hoc
1644 4045 1715 4097 ad
1753 4046 1980 4098 eandem
2015 4044 2449 4099 Universitatem
2486 4043 2895 4097 Bononiensem
2931 4044 3098 4097 facta,

419 4122 741 4177 observavit
786 4124 1000 4175 Schulte
1059 4122 1182 4190 (Die
1233 4123 1407 4177 Lehre
1460 4142 1569 4177 von
1626 4124 1729 4177 den
1785 4123 2012 4188 Quellen
2058 4126 2154 4178 des
2205 4123 2590 4179 katholischen
2640 4122 3100 4184 Kirchenrechts‚

420 4222 472 4273 p.
513 4202 661 4268 341.)
682 4244 695 4265 ,
753 4202 967 4255 dicens:
1029 4202 1160 4266 „Die
1198 4201 1543 4256 Publication
1593 4202 1762 4256 durch
1815 4204 2139 4270 Zusendung
2194 4221 2267 4258 an
2318 4203 2404 4257 die
2455 4202 2812 4257 Universitat
2849 4203 3101 4270 Bologna

419 4282 520 4336 hat
558 4324 570 4335 .
612 4324 624 4335 .
666 4324 678 4335 .
717 4281 871 4335 nicht
907 4285 1049 4334 etwa
1087 4281 1191 4334 den
1227 4282 1421 4335 Zweck
1457 4281 1662 4349 gehabt
1676 4324 1690 4345 ,
1746 4282 1831 4335 die
1867 4282 2193 4337 Decretalen
2231 4282 2403 4336 durch
2454 4282 2540 4336 die
2579 4282 2786 4337 Schule
2825 4281 3102 4352 recipiren

420 4362 533 4415 und
585 4360 829 4415 dadurch
878 4379 946 4414 zu
996 4360 1351 4427 allgemeiner
1390 4360 1631 4428 Geltung
1681 4360 1912 4428 bringen
1960 4381 2028 4416 zu
2082 4363 2282 4417 lassen.
2356 4362 2524 4416 Diese
2573 4362 2869 4416 bisweilen
2905 4379 3102 4429 ausge-

422 4442 721 4511 sprochene
758 4440 993 4494 Ansicht
1028 4482 1040 4493 .
1084 4482 1095 4492 .
1136 4481 1148 4492 .
1188 4439 1568 4509 widerspricht
1605 4481 1617 4493 .
1658 4483 1669 4494 .
1713 4482 1724 4494 .
1782 4441 1905 4495 dem
1942 4441 2129 4496 Geiste
2180 4443 2276 4497 des
2311 4442 2749 4497 Kirchenrechts
2785 4442 3105 4511 uberhaupt

428 4521 566 4589 (vgl.
594 4520 662 4587 ἐξ
686 4522 774 4574 41.
812 4521 900 4584 42,
938 4537 1014 4574 sc.
1051 4519 1216 4589 hujus
1252 4519 1432 4588 operis
1465 4519 1659 4588 ipsius)
1702 4521 1813 4574 und
1837 4521 2056 4575 erweist
2090 4522 2209 4576 sich
2245 4522 2416 4576 sehon
2452 4521 2757 4577 historisch
2793 4523 2885 4577 als
2920 4521 3106 4577 falech

423 4617 616 4666 wegen
671 4600 766 4653 der
810 4600 1063 4666 Stellung
1114 4599 1209 4652 der
1246 4599 1449 4668 Papste
1502 4599 1560 4651 in
1607 4599 1765 4669 jener
1813 4600 1943 4654 Zeit.
2017 4601 2139 4654 Ihre
2189 4602 2514 4668 genfigende
2551 4600 2883 4671 Erklarung
2930 4602 3108 4655 findet

424 4678 573 4731 diese
609 4679 769 4731 Form
807 4680 903 4732 der
939 4678 1282 4732 Publication
1319 4677 1602 4732 einerseits
1639 4678 1697 4732 in
1735 4679 1830 4732 der
1866 4678 2116 4747 Stellung
2164 4682 2275 4734 und
2312 4682 2642 4749 Bedeutung
2685 4682 2788 4736 der
2828 4681 3106 4737 Juristen-

422 4758 615 4812 schule
666 4776 733 4810 zu
770 4758 1014 4825 Bologna
1030 4800 1043 4821 ,
1094 4757 1301 4811 welche
1353 4758 1449 4810 der
1498 4775 1675 4810 neuen
1711 4757 2029 4826 Sammlung
2078 4760 2340 4827 sofortige
2395 4760 2728 4828 allgemeine
2777 4761 3106 4824 KenntniSS,

378 4927 473 4984 Ἧι.
