<?xml version="1.0" encoding="UTF-8"?>
<!DOCTYPE html PUBLIC "-//W3C//DTD XHTML 1.0 Transitional//EN"
    "http://www.w3.org/TR/xhtml1/DTD/xhtml1-transitional.dtd">
<html xmlns="http://www.w3.org/1999/xhtml" xml:lang="en" lang="en">
 <head>
  <title>
</title>
<meta http-equiv="Content-Type" content="text/html;charset=utf-8" />
  <meta name='ocr-system' content='tesseract 3.04.00' />
  <meta name='ocr-capabilities' content='ocr_page ocr_carea ocr_par ocr_line ocrx_word'/>
</head>
<body>
  <div class='ocr_page' id='page_1' title='image "./introductioinco00laurgoog_0053.png"; bbox 0 0 3355 5328; ppageno 0'>
   <div class='ocr_carea' id='block_1_1' title="bbox 1307 299 2890 370">
    <p class='ocr_par' dir='ltr' id='par_1_1' title="bbox 1307 299 2890 370">
     <span class='ocr_line' id='line_1_1' title="bbox 1307 299 2890 370; baseline 0.001 -17"><span class='ocrx_word' id='word_1_1' title='bbox 1307 299 1484 370; x_wconf 87' lang='lat' dir='ltr'>Caput</span> <span class='ocrx_word' id='word_1_2' title='bbox 1519 301 1613 355; x_wconf 92' lang='lat' dir='ltr'><strong>III.</strong></span> <span class='ocrx_word' id='word_1_3' title='bbox 1665 302 1699 368; x_wconf 63' lang='grc' dir='ltr'><strong><em>ξ</em></strong></span> <span class='ocrx_word' id='word_1_4' title='bbox 1741 303 1822 355; x_wconf 92' lang='grc'>16.</span> <span class='ocrx_word' id='word_1_5' title='bbox 2821 299 2890 354; x_wconf 86' lang='grc'>29</span> 
     </span>
    </p>
   </div>
   <div class='ocr_carea' id='block_1_2' title="bbox 257 455 2893 720">
    <p class='ocr_par' dir='ltr' id='par_1_2' title="bbox 257 455 2893 720">
     <span class='ocr_line' id='line_1_2' title="bbox 260 455 2893 542; baseline 0.001 -23"><span class='ocrx_word' id='word_1_6' title='bbox 260 455 670 522; x_wconf 73' lang='lat' dir='ltr'>auctoritates</span> <span class='ocrx_word' id='word_1_7' title='bbox 731 460 884 522; x_wconf 91' lang='lat' dir='ltr'>sunt</span> <span class='ocrx_word' id='word_1_8' title='bbox 936 458 1090 523; x_wconf 89' lang='lat' dir='ltr'>illae</span> <span class='ocrx_word' id='word_1_9' title='bbox 1114 508 1128 536; x_wconf 97' lang='lat'>,</span> <span class='ocrx_word' id='word_1_10' title='bbox 1197 479 1365 540; x_wconf 90' lang='lat' dir='ltr'>quae</span> <span class='ocrx_word' id='word_1_11' title='bbox 1427 458 1955 542; x_wconf 80' lang='lat' dir='ltr'>inscriptionem:</span> <span class='ocrx_word' id='word_1_12' title='bbox 2023 459 2223 523; x_wconf 83' lang='lat' dir='ltr'><em>Palea</em></span> <span class='ocrx_word' id='word_1_13' title='bbox 2283 461 2540 539; x_wconf 86' lang='lat' dir='ltr'>gerunt.</span> <span class='ocrx_word' id='word_1_14' title='bbox 2643 459 2893 522; x_wconf 88' lang='lat' dir='ltr'>Earum</span> 
     </span>
     <span class='ocr_line' id='line_1_3' title="bbox 260 552 2893 638; baseline 0.002 -22"><span class='ocrx_word' id='word_1_15' title='bbox 260 552 410 617; x_wconf 91' lang='lat' dir='ltr'>aliae</span> <span class='ocrx_word' id='word_1_16' title='bbox 456 553 864 620; x_wconf 90' lang='lat' dir='ltr'>constituunt</span> <span class='ocrx_word' id='word_1_17' title='bbox 907 555 1204 638; x_wconf 86' lang='lat' dir='ltr'>integros</span> <span class='ocrx_word' id='word_1_18' title='bbox 1265 577 1549 621; x_wconf 90' lang='lat' dir='ltr'>canones</span> <span class='ocrx_word' id='word_1_19' title='bbox 1572 556 1627 633; x_wconf 86' lang='lat'>¹;</span> <span class='ocrx_word' id='word_1_20' title='bbox 1692 557 1861 621; x_wconf 91' lang='lat' dir='ltr'>aliae</span> <span class='ocrx_word' id='word_1_21' title='bbox 1918 557 2373 621; x_wconf 90' lang='lat' dir='ltr'>tantummodo</span> <span class='ocrx_word' id='word_1_22' title='bbox 2429 556 2695 621; x_wconf 91' lang='lat' dir='ltr'>canonis</span> <span class='ocrx_word' id='word_1_23' title='bbox 2740 577 2893 638; x_wconf 92' lang='lat' dir='ltr'>par-</span> 
     </span>
     <span class='ocr_line' id='line_1_4' title="bbox 257 651 788 720; baseline 0.011 -6"><span class='ocrx_word' id='word_1_24' title='bbox 257 653 380 715; x_wconf 91' lang='lat' dir='ltr'>tem</span> <span class='ocrx_word' id='word_1_25' title='bbox 424 651 718 718; x_wconf 86' lang='lat' dir='ltr'>efficiunt</span> <span class='ocrx_word' id='word_1_26' title='bbox 743 653 788 720; x_wconf 79' lang='lat'><strong>².</strong></span> 
     </span>
    </p>
   </div>
   <div class='ocr_carea' id='block_1_3' title="bbox 250 754 2896 1434">
    <p class='ocr_par' dir='ltr' id='par_1_3' title="bbox 250 754 2896 1434">
     <span class='ocr_line' id='line_1_5' title="bbox 417 754 2893 845; baseline 0 -22"><span class='ocrx_word' id='word_1_27' title='bbox 417 756 596 833; x_wconf 86' lang='lat' dir='ltr'>Quae</span> <span class='ocrx_word' id='word_1_28' title='bbox 643 761 1074 827; x_wconf 79' lang='lat' dir='ltr'>auctoritates</span> <span class='ocrx_word' id='word_1_29' title='bbox 1119 762 1380 845; x_wconf 85' lang='lat' dir='ltr'>proprie</span> <span class='ocrx_word' id='word_1_30' title='bbox 1439 754 1571 826; x_wconf 91' lang='lat' dir='ltr'>non</span> <span class='ocrx_word' id='word_1_31' title='bbox 1617 766 1772 828; x_wconf 91' lang='lat' dir='ltr'>sunt</span> <span class='ocrx_word' id='word_1_32' title='bbox 1830 761 1954 825; x_wconf 91' lang='lat' dir='ltr'>nisi</span> <span class='ocrx_word' id='word_1_33' title='bbox 1999 762 2124 826; x_wconf 94' lang='lat' dir='ltr'>loci</span> <span class='ocrx_word' id='word_1_34' title='bbox 2171 761 2496 844; x_wconf 90' lang='lat' dir='ltr'>paralleli,</span> <span class='ocrx_word' id='word_1_35' title='bbox 2559 762 2641 826; x_wconf 91' lang='lat' dir='ltr'>ab</span> <span class='ocrx_word' id='word_1_36' title='bbox 2686 761 2893 827; x_wconf 90' lang='lat' dir='ltr'>inter-</span> 
     </span>
     <span class='ocr_line' id='line_1_6' title="bbox 255 856 2895 943; baseline 0.001 -24"><span class='ocrx_word' id='word_1_37' title='bbox 255 856 534 938; x_wconf 87' lang='lat' dir='ltr'>pretibus</span> <span class='ocrx_word' id='word_1_38' title='bbox 579 859 846 924; x_wconf 91' lang='lat' dir='ltr'>Decreti</span> <span class='ocrx_word' id='word_1_39' title='bbox 894 879 930 923; x_wconf 94' lang='lat' dir='ltr'>e</span> <span class='ocrx_word' id='word_1_40' title='bbox 978 858 1254 925; x_wconf 90' lang='lat' dir='ltr'>diversis</span> <span class='ocrx_word' id='word_1_41' title='bbox 1302 860 1606 943; x_wconf 90' lang='lat' dir='ltr'>operibus</span> <span class='ocrx_word' id='word_1_42' title='bbox 1634 910 1648 938; x_wconf 99' lang='lat'>,</span> <span class='ocrx_word' id='word_1_43' title='bbox 1710 860 1809 925; x_wconf 92' lang='lat' dir='ltr'>uti</span> <span class='ocrx_word' id='word_1_44' title='bbox 1868 882 1931 925; x_wconf 91' lang='lat' dir='ltr'>v.</span> <span class='ocrx_word' id='word_1_45' title='bbox 1981 881 2044 941; x_wconf 84' lang='lat' dir='ltr'><strong>g.</strong></span> <span class='ocrx_word' id='word_1_46' title='bbox 2108 880 2144 924; x_wconf 94' lang='lat' dir='ltr'>e</span> <span class='ocrx_word' id='word_1_47' title='bbox 2203 861 2486 924; x_wconf 90' lang='lat' dir='ltr'>Decreto</span> <span class='ocrx_word' id='word_1_48' title='bbox 2532 858 2895 924; x_wconf 89' lang='lat' dir='ltr'>Burchardi</span> 
     </span>
     <span class='ocr_line' id='line_1_7' title="bbox 255 953 2894 1040; baseline 0.001 -24"><span class='ocrx_word' id='word_1_49' title='bbox 255 953 763 1033; x_wconf 88' lang='lat' dir='ltr'>Wormatiensis,</span> <span class='ocrx_word' id='word_1_50' title='bbox 814 977 898 1020; x_wconf 85' lang='lat' dir='ltr'>ex</span> <span class='ocrx_word' id='word_1_51' title='bbox 929 958 1150 1036; x_wconf 90' lang='lat' dir='ltr'>Ivone,</span> <span class='ocrx_word' id='word_1_52' title='bbox 1199 958 1510 1022; x_wconf 90' lang='lat' dir='ltr'>Anselmo</span> <span class='ocrx_word' id='word_1_53' title='bbox 1551 958 1848 1035; x_wconf 89' lang='lat' dir='ltr'>Lucensi‚</span> <span class='ocrx_word' id='word_1_54' title='bbox 1898 979 1935 1022; x_wconf 94' lang='lat' dir='ltr'>e</span> <span class='ocrx_word' id='word_1_55' title='bbox 1968 957 2455 1022; x_wconf 89' lang='lat' dir='ltr'>collectionibus</span> <span class='ocrx_word' id='word_1_56' title='bbox 2479 956 2645 1040; x_wconf 87' lang='lat' dir='ltr'>juris</span> <span class='ocrx_word' id='word_1_57' title='bbox 2683 956 2894 1020; x_wconf 90' lang='lat' dir='ltr'>civilis</span> 
     </span>
     <span class='ocr_line' id='line_1_8' title="bbox 253 1051 2895 1138; baseline 0.002 -25"><span class='ocrx_word' id='word_1_58' title='bbox 253 1051 492 1115; x_wconf 88' lang='lat' dir='ltr'>romani</span> <span class='ocrx_word' id='word_1_59' title='bbox 556 1056 625 1119; x_wconf 93' lang='lat' dir='ltr'>et</span> <span class='ocrx_word' id='word_1_60' title='bbox 671 1053 817 1118; x_wconf 88' lang='lat' dir='ltr'>aliis</span> <span class='ocrx_word' id='word_1_61' title='bbox 837 1052 882 1132; x_wconf 79' lang='lat'>³,</span> <span class='ocrx_word' id='word_1_62' title='bbox 948 1055 1164 1120; x_wconf 90' lang='lat' dir='ltr'>hausti</span> <span class='ocrx_word' id='word_1_63' title='bbox 1213 1060 1283 1121; x_wconf 93' lang='lat' dir='ltr'>et</span> <span class='ocrx_word' id='word_1_64' title='bbox 1327 1058 1611 1121; x_wconf 88' lang='lat' dir='ltr'>Decreto</span> <span class='ocrx_word' id='word_1_65' title='bbox 1677 1055 1902 1121; x_wconf 90' lang='lat' dir='ltr'>additi.</span> <span class='ocrx_word' id='word_1_66' title='bbox 1995 1057 2087 1120; x_wconf 85' lang='lat' dir='ltr'>Et</span> <span class='ocrx_word' id='word_1_67' title='bbox 2131 1055 2377 1138; x_wconf 89' lang='lat' dir='ltr'>primus</span> <span class='ocrx_word' id='word_1_68' title='bbox 2425 1052 2685 1137; x_wconf 92' lang='lat' dir='ltr'>quidem</span> <span class='ocrx_word' id='word_1_69' title='bbox 2703 1104 2716 1131; x_wconf 88' lang='lat'>‚</span> <span class='ocrx_word' id='word_1_70' title='bbox 2784 1054 2895 1136; x_wconf 79' lang='lat' dir='ltr'>qui</span> 
     </span>
     <span class='ocr_line' id='line_1_9' title="bbox 252 1147 2896 1237; baseline 0.002 -26"><span class='ocrx_word' id='word_1_71' title='bbox 252 1147 606 1230; x_wconf 88' lang='lat' dir='ltr'>hujusmodi</span> <span class='ocrx_word' id='word_1_72' title='bbox 653 1152 1104 1219; x_wconf 90' lang='lat' dir='ltr'>additamenta</span> <span class='ocrx_word' id='word_1_73' title='bbox 1149 1155 1432 1219; x_wconf 92' lang='lat' dir='ltr'>Decreto</span> <span class='ocrx_word' id='word_1_74' title='bbox 1491 1154 1795 1237; x_wconf 87' lang='lat' dir='ltr'>adposuit</span> <span class='ocrx_word' id='word_1_75' title='bbox 1814 1204 1828 1231; x_wconf 92' lang='lat'>,</span> <span class='ocrx_word' id='word_1_76' title='bbox 1890 1153 2018 1218; x_wconf 81' lang='lat' dir='ltr'>fuit</span> <span class='ocrx_word' id='word_1_77' title='bbox 2056 1155 2196 1236; x_wconf 87' lang='lat' dir='ltr'>jam</span> <span class='ocrx_word' id='word_1_78' title='bbox 2241 1153 2547 1218; x_wconf 91' lang='lat' dir='ltr'>laudatus</span> <span class='ocrx_word' id='word_1_79' title='bbox 2596 1151 2896 1218; x_wconf 86' lang='lat' dir='ltr'>Gratiani</span> 
     </span>
     <span class='ocr_line' id='line_1_10' title="bbox 250 1245 2893 1337; baseline 0.002 -28"><span class='ocrx_word' id='word_1_80' title='bbox 250 1245 610 1330; x_wconf 81' lang='lat' dir='ltr'>discipuluS‚</span> <span class='ocrx_word' id='word_1_81' title='bbox 659 1251 919 1316; x_wconf 91' lang='lat' dir='ltr'>nomine</span> <span class='ocrx_word' id='word_1_82' title='bbox 951 1253 1362 1337; x_wconf 73' lang='lat' dir='ltr'>Paucapalea</span> <span class='ocrx_word' id='word_1_83' title='bbox 1385 1251 1431 1318; x_wconf 84' lang='lat'><strong>⁴.</strong></span> <span class='ocrx_word' id='word_1_84' title='bbox 1495 1252 1687 1317; x_wconf 91' lang='lat' dir='ltr'>Unde</span> <span class='ocrx_word' id='word_1_85' title='bbox 1717 1252 2084 1336; x_wconf 82' lang='lat' dir='ltr'>hujusmodi</span> <span class='ocrx_word' id='word_1_86' title='bbox 2116 1250 2601 1328; x_wconf 77' lang='lat' dir='ltr'>additamentiS,</span> <span class='ocrx_word' id='word_1_87' title='bbox 2637 1252 2718 1315; x_wconf 91' lang='lat' dir='ltr'>ab</span> <span class='ocrx_word' id='word_1_88' title='bbox 2750 1251 2893 1334; x_wconf 92' lang='lat' dir='ltr'>ipso</span> 
     </span>
     <span class='ocr_line' id='line_1_11' title="bbox 250 1342 2891 1434; baseline 0.002 -26"><span class='ocrx_word' id='word_1_89' title='bbox 250 1342 313 1407; x_wconf 93' lang='lat' dir='ltr'>in</span> <span class='ocrx_word' id='word_1_90' title='bbox 340 1345 691 1411; x_wconf 89' lang='lat' dir='ltr'>Decretum</span> <span class='ocrx_word' id='word_1_91' title='bbox 722 1348 942 1426; x_wconf 79' lang='lat' dir='ltr'>illatis,</span> <span class='ocrx_word' id='word_1_92' title='bbox 993 1350 1250 1432; x_wconf 90' lang='lat' dir='ltr'>adjecta</span> <span class='ocrx_word' id='word_1_93' title='bbox 1270 1353 1384 1415; x_wconf 72' lang='lat' dir='ltr'>‘est</span> <span class='ocrx_word' id='word_1_94' title='bbox 1413 1350 1695 1415; x_wconf 91' lang='lat' dir='ltr'>nominis</span> <span class='ocrx_word' id='word_1_95' title='bbox 1726 1351 1867 1434; x_wconf 87' lang='lat' dir='ltr'>ejus</span> <span class='ocrx_word' id='word_1_96' title='bbox 1898 1349 2306 1415; x_wconf 87' lang='lat' dir='ltr'>abbreviatio</span> <span class='ocrx_word' id='word_1_97' title='bbox 2332 1348 2588 1432; x_wconf 85' lang='lat' dir='ltr'>(sigla):</span> <span class='ocrx_word' id='word_1_98' title='bbox 2631 1350 2832 1414; x_wconf 81' lang='lat' dir='ltr'>Palea</span> <span class='ocrx_word' id='word_1_99' title='bbox 2847 1350 2891 1414; x_wconf 82' lang='lat'><strong>⁵.</strong></span> 
     </span>
    </p>
   </div>
   <div class='ocr_carea' id='block_1_4' title="bbox 224 1452 2918 3205">
    <p class='ocr_par' dir='ltr' id='par_1_4' title="bbox 244 1452 2896 2012">
     <span class='ocr_line' id='line_1_12' title="bbox 417 1452 2894 1539; baseline 0.001 -22"><span class='ocrx_word' id='word_1_100' title='bbox 417 1452 580 1519; x_wconf 91' lang='lat' dir='ltr'>Post</span> <span class='ocrx_word' id='word_1_101' title='bbox 623 1455 1131 1539; x_wconf 70' lang='lat' dir='ltr'>Paucapaleam&#39;</span> <span class='ocrx_word' id='word_1_102' title='bbox 1165 1457 1276 1521; x_wconf 91' lang='lat' dir='ltr'>alii</span> <span class='ocrx_word' id='word_1_103' title='bbox 1335 1478 1590 1539; x_wconf 89' lang='lat' dir='ltr'>quoque</span> <span class='ocrx_word' id='word_1_104' title='bbox 1637 1457 2017 1522; x_wconf 90' lang='lat' dir='ltr'>canonistae</span> <span class='ocrx_word' id='word_1_105' title='bbox 2072 1456 2141 1521; x_wconf 93' lang='lat' dir='ltr'>in</span> <span class='ocrx_word' id='word_1_106' title='bbox 2187 1479 2304 1522; x_wconf 93' lang='lat' dir='ltr'>suo</span> <span class='ocrx_word' id='word_1_107' title='bbox 2353 1456 2624 1538; x_wconf 87' lang='lat' dir='ltr'>quisque</span> <span class='ocrx_word' id='word_1_108' title='bbox 2673 1477 2894 1520; x_wconf 86' lang='lat' dir='ltr'>exem-</span> 
     </span>
     <span class='ocr_line' id='line_1_13' title="bbox 247 1548 2895 1635; baseline 0.002 -23"><span class='ocrx_word' id='word_1_109' title='bbox 247 1548 407 1631; x_wconf 91' lang='lat' dir='ltr'>plari</span> <span class='ocrx_word' id='word_1_110' title='bbox 437 1552 705 1617; x_wconf 94' lang='lat' dir='ltr'>Decreti</span> <span class='ocrx_word' id='word_1_111' title='bbox 752 1554 1069 1635; x_wconf 88' lang='lat' dir='ltr'>ejusmodi</span> <span class='ocrx_word' id='word_1_112' title='bbox 1115 1555 1565 1621; x_wconf 89' lang='lat' dir='ltr'>additamenta</span> <span class='ocrx_word' id='word_1_113' title='bbox 1604 1556 1887 1620; x_wconf 89' lang='lat' dir='ltr'>Decreto</span> <span class='ocrx_word' id='word_1_114' title='bbox 1936 1555 2429 1631; x_wconf 86' lang='lat' dir='ltr'>adscribebant;</span> <span class='ocrx_word' id='word_1_115' title='bbox 2477 1555 2648 1618; x_wconf 90' lang='lat' dir='ltr'>unde</span> <span class='ocrx_word' id='word_1_116' title='bbox 2695 1554 2895 1619; x_wconf 91' lang='lat' dir='ltr'>etiam</span> 
     </span>
     <span class='ocr_line' id='line_1_14' title="bbox 246 1648 2893 1736; baseline 0.002 -26"><span class='ocrx_word' id='word_1_117' title='bbox 246 1648 439 1727; x_wconf 92' lang='lat' dir='ltr'>venit,</span> <span class='ocrx_word' id='word_1_118' title='bbox 493 1651 662 1731; x_wconf 90' lang='lat' dir='ltr'>quod</span> <span class='ocrx_word' id='word_1_119' title='bbox 707 1652 974 1717; x_wconf 88' lang='lat' dir='ltr'>Decreti</span> <span class='ocrx_word' id='word_1_120' title='bbox 1022 1653 1277 1718; x_wconf 88' lang='lat' dir='ltr'>codices</span> <span class='ocrx_word' id='word_1_121' title='bbox 1322 1675 1475 1719; x_wconf 78' lang='lat' dir='ltr'>mss,</span> <span class='ocrx_word' id='word_1_122' title='bbox 1498 1704 1511 1731; x_wconf 92' lang='lat'>‚</span> <span class='ocrx_word' id='word_1_123' title='bbox 1577 1675 1704 1735; x_wconf 93' lang='lat' dir='ltr'>quo</span> <span class='ocrx_word' id='word_1_124' title='bbox 1752 1657 1906 1718; x_wconf 91' lang='lat' dir='ltr'>sunt</span> <span class='ocrx_word' id='word_1_125' title='bbox 1953 1653 2389 1735; x_wconf 85' lang='lat' dir='ltr'>antiquiores,</span> <span class='ocrx_word' id='word_1_126' title='bbox 2439 1673 2516 1717; x_wconf 93' lang='lat' dir='ltr'>eo</span> <span class='ocrx_word' id='word_1_127' title='bbox 2563 1651 2893 1736; x_wconf 89' lang='lat' dir='ltr'>pauciora,</span> 
     </span>
     <span class='ocr_line' id='line_1_15' title="bbox 248 1747 2895 1835; baseline 0.003 -27"><span class='ocrx_word' id='word_1_128' title='bbox 248 1747 348 1809; x_wconf 92' lang='lat' dir='ltr'>vel</span> <span class='ocrx_word' id='word_1_129' title='bbox 392 1748 589 1830; x_wconf 87' lang='lat' dir='ltr'>plane</span> <span class='ocrx_word' id='word_1_130' title='bbox 634 1750 814 1815; x_wconf 91' lang='lat' dir='ltr'>nulla</span> <span class='ocrx_word' id='word_1_131' title='bbox 859 1751 1227 1835; x_wconf 80' lang='lat' dir='ltr'>hujusmodi</span> <span class='ocrx_word' id='word_1_132' title='bbox 1273 1751 1725 1816; x_wconf 91' lang='lat' dir='ltr'>additamenta</span> <span class='ocrx_word' id='word_1_133' title='bbox 1772 1750 2127 1828; x_wconf 90' lang='lat' dir='ltr'>continent,</span> <span class='ocrx_word' id='word_1_134' title='bbox 2178 1753 2246 1816; x_wconf 94' lang='lat' dir='ltr'>et</span> <span class='ocrx_word' id='word_1_135' title='bbox 2292 1751 2585 1816; x_wconf 93' lang='lat' dir='ltr'>codicum</span> <span class='ocrx_word' id='word_1_136' title='bbox 2629 1750 2895 1815; x_wconf 91' lang='lat' dir='ltr'>Decreti</span> 
     </span>
     <span class='ocr_line' id='line_1_16' title="bbox 246 1846 2896 1932; baseline 0.003 -26"><span class='ocrx_word' id='word_1_137' title='bbox 246 1846 832 1930; x_wconf 89' lang='lat' dir='ltr'>manuscriptorum</span> <span class='ocrx_word' id='word_1_138' title='bbox 878 1849 1317 1914; x_wconf 89' lang='lat' dir='ltr'>recentiorum</span> <span class='ocrx_word' id='word_1_139' title='bbox 1363 1849 1474 1914; x_wconf 90' lang='lat' dir='ltr'>alii</span> <span class='ocrx_word' id='word_1_140' title='bbox 1518 1850 1728 1932; x_wconf 91' lang='lat' dir='ltr'>plura,</span> <span class='ocrx_word' id='word_1_141' title='bbox 1778 1848 1889 1913; x_wconf 90' lang='lat' dir='ltr'>alii</span> <span class='ocrx_word' id='word_1_142' title='bbox 1934 1849 2244 1932; x_wconf 88' lang='lat' dir='ltr'>pauciora</span> <span class='ocrx_word' id='word_1_143' title='bbox 2276 1849 2593 1931; x_wconf 89' lang='lat' dir='ltr'>ejusmodi</span> <span class='ocrx_word' id='word_1_144' title='bbox 2639 1848 2896 1914; x_wconf 90' lang='lat' dir='ltr'>addita-</span> 
     </span>
     <span class='ocr_line' id='line_1_17' title="bbox 244 1945 829 2012; baseline 0.014 -8"><span class='ocrx_word' id='word_1_145' title='bbox 244 1946 462 2008; x_wconf 91' lang='lat' dir='ltr'>menta</span> <span class='ocrx_word' id='word_1_146' title='bbox 513 1945 829 2012; x_wconf 88' lang='lat' dir='ltr'>referunt.</span> 
     </span>
    </p>

    <p class='ocr_par' dir='ltr' id='par_1_5' title="bbox 236 2041 2896 2814">
     <span class='ocr_line' id='line_1_18' title="bbox 416 2041 2892 2129; baseline 0.002 -23"><span class='ocrx_word' id='word_1_147' title='bbox 416 2041 629 2117; x_wconf 85' lang='lat' dir='ltr'>Quum</span> <span class='ocrx_word' id='word_1_148' title='bbox 676 2048 897 2109; x_wconf 91' lang='lat' dir='ltr'>autem</span> <span class='ocrx_word' id='word_1_149' title='bbox 945 2045 1414 2123; x_wconf 89' lang='lat' dir='ltr'>additamenta,</span> <span class='ocrx_word' id='word_1_150' title='bbox 1463 2047 1546 2110; x_wconf 91' lang='lat' dir='ltr'>ab</span> <span class='ocrx_word' id='word_1_151' title='bbox 1577 2046 1719 2129; x_wconf 92' lang='lat' dir='ltr'>ipso</span> <span class='ocrx_word' id='word_1_152' title='bbox 1751 2045 2164 2129; x_wconf 91' lang='lat' dir='ltr'>Paucapalea</span> <span class='ocrx_word' id='word_1_153' title='bbox 2202 2045 2269 2108; x_wconf 92' lang='lat' dir='ltr'>in</span> <span class='ocrx_word' id='word_1_154' title='bbox 2300 2047 2656 2110; x_wconf 91' lang='lat' dir='ltr'>Decretum</span> <span class='ocrx_word' id='word_1_155' title='bbox 2687 2045 2892 2123; x_wconf 91' lang='lat' dir='ltr'>illata,</span> 
     </span>
     <span class='ocr_line' id='line_1_19' title="bbox 242 2141 2896 2227; baseline 0.003 -27"><span class='ocrx_word' id='word_1_156' title='bbox 242 2156 427 2203; x_wconf 86' lang='lat' dir='ltr'>voce:</span> <span class='ocrx_word' id='word_1_157' title='bbox 494 2141 694 2206; x_wconf 81' lang='lat' dir='ltr'>Palea</span> <span class='ocrx_word' id='word_1_158' title='bbox 740 2142 988 2223; x_wconf 83' lang='lat' dir='ltr'>signari</span> <span class='ocrx_word' id='word_1_159' title='bbox 1034 2143 1421 2227; x_wconf 87' lang='lat' dir='ltr'>coepissent,</span> <span class='ocrx_word' id='word_1_160' title='bbox 1471 2143 1788 2227; x_wconf 90' lang='lat' dir='ltr'>paulatim</span> <span class='ocrx_word' id='word_1_161' title='bbox 1831 2143 2114 2208; x_wconf 91' lang='lat' dir='ltr'>invaluit</span> <span class='ocrx_word' id='word_1_162' title='bbox 2159 2164 2315 2207; x_wconf 91' lang='lat' dir='ltr'>usus</span> <span class='ocrx_word' id='word_1_163' title='bbox 2333 2193 2347 2220; x_wconf 92' lang='lat'>,</span> <span class='ocrx_word' id='word_1_164' title='bbox 2415 2146 2490 2207; x_wconf 94' lang='lat' dir='ltr'>ut</span> <span class='ocrx_word' id='word_1_165' title='bbox 2536 2142 2736 2207; x_wconf 91' lang='lat' dir='ltr'>etiam</span> <span class='ocrx_word' id='word_1_166' title='bbox 2779 2143 2896 2208; x_wconf 93' lang='lat' dir='ltr'>illa</span> 
     </span>
     <span class='ocr_line' id='line_1_20' title="bbox 245 2235 2896 2325; baseline 0.003 -26"><span class='ocrx_word' id='word_1_167' title='bbox 245 2235 693 2304; x_wconf 89' lang='lat' dir='ltr'>additamenta</span> <span class='ocrx_word' id='word_1_168' title='bbox 711 2291 724 2318; x_wconf 94' lang='lat'>,</span> <span class='ocrx_word' id='word_1_169' title='bbox 756 2300 757 2303; x_wconf 73' lang='grc'>,</span> <span class='ocrx_word' id='word_1_170' title='bbox 789 2263 956 2323; x_wconf 90' lang='lat' dir='ltr'>quae</span> <span class='ocrx_word' id='word_1_171' title='bbox 1003 2242 1085 2305; x_wconf 89' lang='lat' dir='ltr'>ab</span> <span class='ocrx_word' id='word_1_172' title='bbox 1134 2241 1278 2306; x_wconf 89' lang='lat' dir='ltr'>aliis</span> <span class='ocrx_word' id='word_1_173' title='bbox 1338 2241 1498 2306; x_wconf 92' lang='lat' dir='ltr'>viris</span> <span class='ocrx_word' id='word_1_174' title='bbox 1561 2241 1833 2306; x_wconf 90' lang='lat' dir='ltr'>eruditis</span> <span class='ocrx_word' id='word_1_175' title='bbox 1893 2246 2044 2325; x_wconf 87' lang='lat' dir='ltr'>post</span> <span class='ocrx_word' id='word_1_176' title='bbox 2089 2241 2568 2324; x_wconf 90' lang='lat' dir='ltr'>Paucapaleam</span> <span class='ocrx_word' id='word_1_177' title='bbox 2612 2241 2896 2306; x_wconf 92' lang='lat' dir='ltr'>Decreto</span> 
     </span>
     <span class='ocr_line' id='line_1_21' title="bbox 243 2333 2892 2416; baseline 0.002 -19"><span class='ocrx_word' id='word_1_178' title='bbox 243 2333 502 2416; x_wconf 90' lang='lat' dir='ltr'>adjecta</span> <span class='ocrx_word' id='word_1_179' title='bbox 561 2342 745 2415; x_wconf 88' lang='lat' dir='ltr'>sunt,</span> <span class='ocrx_word' id='word_1_180' title='bbox 813 2340 1042 2404; x_wconf 91' lang='lat' dir='ltr'>eadem</span> <span class='ocrx_word' id='word_1_181' title='bbox 1102 2360 1296 2405; x_wconf 89' lang='lat' dir='ltr'>voce:</span> <span class='ocrx_word' id='word_1_182' title='bbox 1363 2341 1563 2405; x_wconf 81' lang='lat' dir='ltr'>Palea</span> <span class='ocrx_word' id='word_1_183' title='bbox 1621 2343 2043 2415; x_wconf 86' lang='lat' dir='ltr'>notarentur,</span> <span class='ocrx_word' id='word_1_184' title='bbox 2116 2342 2184 2403; x_wconf 94' lang='lat' dir='ltr'>et</span> <span class='ocrx_word' id='word_1_185' title='bbox 2228 2338 2349 2403; x_wconf 90' lang='lat' dir='ltr'>tali</span> <span class='ocrx_word' id='word_1_186' title='bbox 2404 2339 2660 2403; x_wconf 90' lang='lat' dir='ltr'>ratione</span> <span class='ocrx_word' id='word_1_187' title='bbox 2724 2361 2892 2404; x_wconf 84' lang='lat' dir='ltr'>vox:</span> 
     </span>
     <span class='ocr_line' id='line_1_22' title="bbox 242 2432 2895 2522; baseline 0.002 -26"><span class='ocrx_word' id='word_1_188' title='bbox 242 2432 437 2498; x_wconf 90' lang='lat' dir='ltr'>Palea</span> <span class='ocrx_word' id='word_1_189' title='bbox 456 2486 476 2518; x_wconf 81' lang='lat'>,</span> <span class='ocrx_word' id='word_1_190' title='bbox 543 2456 710 2516; x_wconf 90' lang='lat' dir='ltr'>quae</span> <span class='ocrx_word' id='word_1_191' title='bbox 756 2437 964 2520; x_wconf 89' lang='lat' dir='ltr'>primo</span> <span class='ocrx_word' id='word_1_192' title='bbox 1011 2459 1250 2502; x_wconf 89' lang='lat' dir='ltr'>nomen</span> <span class='ocrx_word' id='word_1_193' title='bbox 1294 2437 1631 2521; x_wconf 90' lang='lat' dir='ltr'>proprium</span> <span class='ocrx_word' id='word_1_194' title='bbox 1679 2441 1825 2502; x_wconf 90' lang='lat' dir='ltr'>erat</span> <span class='ocrx_word' id='word_1_195' title='bbox 1870 2440 1939 2502; x_wconf 90' lang='lat' dir='ltr'>et</span> <span class='ocrx_word' id='word_1_196' title='bbox 1985 2437 2069 2502; x_wconf 91' lang='lat' dir='ltr'>ad</span> <span class='ocrx_word' id='word_1_197' title='bbox 2115 2438 2589 2522; x_wconf 73' lang='lat' dir='ltr'>Paucapaleam</span> <span class='ocrx_word' id='word_1_198' title='bbox 2635 2441 2895 2519; x_wconf 88' lang='lat' dir='ltr'>specta-</span> 
     </span>
     <span class='ocr_line' id='line_1_23' title="bbox 241 2529 2895 2619; baseline 0.002 -25"><span class='ocrx_word' id='word_1_199' title='bbox 241 2529 370 2610; x_wconf 88' lang='lat' dir='ltr'>bat,</span> <span class='ocrx_word' id='word_1_200' title='bbox 420 2533 561 2597; x_wconf 93' lang='lat' dir='ltr'>vim</span> <span class='ocrx_word' id='word_1_201' title='bbox 607 2535 886 2599; x_wconf 90' lang='lat' dir='ltr'>nominis</span> <span class='ocrx_word' id='word_1_202' title='bbox 917 2535 1299 2619; x_wconf 88' lang='lat' dir='ltr'>appellativi</span> <span class='ocrx_word' id='word_1_203' title='bbox 1332 2536 1658 2600; x_wconf 91' lang='lat' dir='ltr'>obtineret</span> <span class='ocrx_word' id='word_1_204' title='bbox 1691 2557 1768 2600; x_wconf 91' lang='lat' dir='ltr'>ac</span> <span class='ocrx_word' id='word_1_205' title='bbox 1801 2535 2018 2600; x_wconf 91' lang='lat' dir='ltr'>omnia</span> <span class='ocrx_word' id='word_1_206' title='bbox 2047 2535 2414 2619; x_wconf 88' lang='lat' dir='ltr'>hujusmodi</span> <span class='ocrx_word' id='word_1_207' title='bbox 2447 2534 2895 2600; x_wconf 90' lang='lat' dir='ltr'>additamenta</span> 
     </span>
     <span class='ocr_line' id='line_1_24' title="bbox 238 2627 2895 2718; baseline 0.003 -27"><span class='ocrx_word' id='word_1_208' title='bbox 238 2627 524 2697; x_wconf 91' lang='lat' dir='ltr'>Decreto</span> <span class='ocrx_word' id='word_1_209' title='bbox 560 2641 708 2718; x_wconf 77' lang='lat' dir='ltr'>post</span> <span class='ocrx_word' id='word_1_210' title='bbox 741 2633 1127 2700; x_wconf 82' lang='lat' dir='ltr'>Gratianum</span> <span class='ocrx_word' id='word_1_211' title='bbox 1175 2633 1496 2718; x_wconf 91' lang='lat' dir='ltr'>adposita,</span> <span class='ocrx_word' id='word_1_212' title='bbox 1546 2633 1689 2699; x_wconf 89' lang='lat' dir='ltr'>sive</span> <span class='ocrx_word' id='word_1_213' title='bbox 1726 2655 1766 2699; x_wconf 92' lang='lat' dir='ltr'>a</span> <span class='ocrx_word' id='word_1_214' title='bbox 1796 2633 2227 2717; x_wconf 90' lang='lat' dir='ltr'>Paucapalea,</span> <span class='ocrx_word' id='word_1_215' title='bbox 2277 2633 2416 2699; x_wconf 89' lang='lat' dir='ltr'>sive</span> <span class='ocrx_word' id='word_1_216' title='bbox 2457 2634 2539 2699; x_wconf 90' lang='lat' dir='ltr'>ab</span> <span class='ocrx_word' id='word_1_217' title='bbox 2587 2632 2732 2698; x_wconf 89' lang='lat' dir='ltr'>aliis</span> <span class='ocrx_word' id='word_1_218' title='bbox 2779 2634 2895 2699; x_wconf 90' lang='lat' dir='ltr'>ad-</span> 
     </span>
     <span class='ocr_line' id='line_1_25' title="bbox 236 2728 1245 2814; baseline 0.007 -22"><span class='ocrx_word' id='word_1_219' title='bbox 236 2728 452 2810; x_wconf 89' lang='lat' dir='ltr'>posita</span> <span class='ocrx_word' id='word_1_220' title='bbox 502 2730 801 2809; x_wconf 88' lang='lat' dir='ltr'>fuissent,</span> <span class='ocrx_word' id='word_1_221' title='bbox 851 2733 1245 2814; x_wconf 82' lang='lat' dir='ltr'>designaret.</span> 
     </span>
    </p>

    <p class='ocr_par' dir='ltr' id='par_1_6' title="bbox 224 2827 2918 3205">
     <span class='ocr_line' id='line_1_26' title="bbox 411 2827 2918 2906; baseline 0 -13"><span class='ocrx_word' id='word_1_222' title='bbox 411 2830 519 2894; x_wconf 89' lang='lat' dir='ltr'>De</span> <span class='ocrx_word' id='word_1_223' title='bbox 565 2833 826 2896; x_wconf 89' lang='lat' dir='ltr'>caetero</span> <span class='ocrx_word' id='word_1_224' title='bbox 887 2835 1108 2897; x_wconf 91' lang='lat' dir='ltr'>autem</span> <span class='ocrx_word' id='word_1_225' title='bbox 1154 2832 1277 2896; x_wconf 90' lang='lat' dir='ltr'>hac</span> <span class='ocrx_word' id='word_1_226' title='bbox 1338 2832 1676 2897; x_wconf 91' lang='lat' dir='ltr'>occasione</span> <span class='ocrx_word' id='word_1_227' title='bbox 1723 2831 2082 2896; x_wconf 89' lang='lat' dir='ltr'>notandum</span> <span class='ocrx_word' id='word_1_228' title='bbox 2130 2833 2231 2895; x_wconf 87' lang='lat' dir='ltr'>est</span> <span class='ocrx_word' id='word_1_229' title='bbox 2250 2880 2263 2906; x_wconf 89' lang='lat'><strong><em>‚</em></strong></span> <span class='ocrx_word' id='word_1_230' title='bbox 2333 2831 2677 2896; x_wconf 87' lang='lat' dir='ltr'>nonnullos</span> <span class='ocrx_word' id='word_1_231' title='bbox 2724 2827 2918 2896; x_wconf 74' lang='lat' dir='ltr'>anti-&#39;</span> 
     </span>
     <span class='ocr_line' id='line_1_27' title="bbox 236 2927 2895 3013; baseline 0.002 -24"><span class='ocrx_word' id='word_1_232' title='bbox 236 2943 516 3004; x_wconf 89' lang='lat' dir='ltr'>quorum</span> <span class='ocrx_word' id='word_1_233' title='bbox 563 2929 1065 2994; x_wconf 27' lang='lat' dir='ltr'>canonistarum*</span> <span class='ocrx_word' id='word_1_234' title='bbox 1095 2929 1619 3013; x_wconf 91' lang='lat' dir='ltr'>inscriptionem:</span> <span class='ocrx_word' id='word_1_235' title='bbox 1668 2931 1870 2994; x_wconf 91' lang='lat' dir='ltr'>Palea</span> <span class='ocrx_word' id='word_1_236' title='bbox 1909 2929 2132 3012; x_wconf 87' lang='lat' dir='ltr'>jocose</span> <span class='ocrx_word' id='word_1_237' title='bbox 2174 2927 2375 2993; x_wconf 89' lang='lat' dir='ltr'>etiam</span> <span class='ocrx_word' id='word_1_238' title='bbox 2422 2928 2895 3009; x_wconf 85' lang='lat' dir='ltr'>significatione</span> 
     </span>
     <span class='ocr_line' id='line_1_28' title="bbox 224 3025 2896 3113; baseline 0.001 -26"><span class='ocrx_word' id='word_1_239' title='bbox 224 3026 457 3105; x_wconf 80' lang='lat' dir='ltr'>paleae</span> <span class='ocrx_word' id='word_1_240' title='bbox 504 3025 573 3089; x_wconf 92' lang='lat' dir='ltr'>in</span> <span class='ocrx_word' id='word_1_241' title='bbox 621 3027 1029 3110; x_wconf 91' lang='lat' dir='ltr'>oppositione</span> <span class='ocrx_word' id='word_1_242' title='bbox 1077 3029 1161 3093; x_wconf 90' lang='lat' dir='ltr'>ad</span> <span class='ocrx_word' id='word_1_243' title='bbox 1202 3051 1417 3113; x_wconf 70' lang='lat' dir='ltr'>yrana</span> <span class='ocrx_word' id='word_1_244' title='bbox 1462 3027 1776 3093; x_wconf 87' lang='lat' dir='ltr'>frumenti</span> <span class='ocrx_word' id='word_1_245' title='bbox 1824 3026 2187 3110; x_wconf 88' lang='lat' dir='ltr'>accepisse,</span> <span class='ocrx_word' id='word_1_246' title='bbox 2249 3026 2378 3103; x_wconf 93' lang='lat' dir='ltr'>ita,</span> <span class='ocrx_word' id='word_1_247' title='bbox 2445 3048 2523 3090; x_wconf 91' lang='lat' dir='ltr'>ac</span> <span class='ocrx_word' id='word_1_248' title='bbox 2569 3027 2626 3091; x_wconf 87' lang='lat' dir='ltr'>si</span> <span class='ocrx_word' id='word_1_249' title='bbox 2672 3048 2751 3091; x_wconf 91' lang='lat' dir='ltr'>ea</span> <span class='ocrx_word' id='word_1_250' title='bbox 2795 3027 2896 3091; x_wconf 90' lang='lat' dir='ltr'>in-</span> 
     </span>
     <span class='ocr_line' id='line_1_29' title="bbox 233 3121 2895 3205; baseline 0.003 -22"><span class='ocrx_word' id='word_1_251' title='bbox 233 3121 595 3205; x_wconf 88' lang='lat' dir='ltr'>scriptione</span> <span class='ocrx_word' id='word_1_252' title='bbox 654 3124 1037 3191; x_wconf 92' lang='lat' dir='ltr'>innueretur</span> <span class='ocrx_word' id='word_1_253' title='bbox 1055 3176 1068 3202; x_wconf 91' lang='lat'>,</span> <span class='ocrx_word' id='word_1_254' title='bbox 1133 3126 1565 3191; x_wconf 89' lang='lat' dir='ltr'>auctoritates</span> <span class='ocrx_word' id='word_1_255' title='bbox 1623 3124 1774 3189; x_wconf 91' lang='lat' dir='ltr'>illas</span> <span class='ocrx_word' id='word_1_256' title='bbox 1819 3125 1888 3188; x_wconf 91' lang='lat' dir='ltr'>in</span> <span class='ocrx_word' id='word_1_257' title='bbox 1933 3124 2251 3189; x_wconf 91' lang='lat' dir='ltr'>relatione</span> <span class='ocrx_word' id='word_1_258' title='bbox 2313 3123 2396 3188; x_wconf 91' lang='lat' dir='ltr'>ad</span> <span class='ocrx_word' id='word_1_259' title='bbox 2444 3126 2895 3203; x_wconf 91' lang='lat' dir='ltr'>auctoritates,</span> 
     </span>
    </p>
   </div>
   <div class='ocr_carea' id='block_1_5' title="bbox 216 3331 2904 4767">
    <p class='ocr_par' dir='ltr' id='par_1_7' title="bbox 418 3331 2442 3404">
     <span class='ocr_line' id='line_1_30' title="bbox 418 3331 2442 3404; baseline 0 -18"><span class='ocrx_word' id='word_1_260' title='bbox 418 3333 434 3365; x_wconf 85' lang='lat'><strong>¹</strong></span> <span class='ocrx_word' id='word_1_261' title='bbox 476 3331 576 3386; x_wconf 91' lang='lat' dir='ltr'>Uti</span> <span class='ocrx_word' id='word_1_262' title='bbox 613 3350 666 3385; x_wconf 78' lang='lat' dir='ltr'>v,</span> <span class='ocrx_word' id='word_1_263' title='bbox 707 3350 757 3400; x_wconf 89' lang='lat' dir='ltr'><strong>g.</strong></span> <span class='ocrx_word' id='word_1_264' title='bbox 798 3351 842 3387; x_wconf 92' lang='lat' dir='ltr'>c.</span> <span class='ocrx_word' id='word_1_265' title='bbox 887 3335 932 3387; x_wconf 89' lang='lat'><strong>1.</strong></span> <span class='ocrx_word' id='word_1_266' title='bbox 972 3334 1036 3388; x_wconf 90' lang='lat' dir='ltr'>D.</span> <span class='ocrx_word' id='word_1_267' title='bbox 1075 3335 1172 3404; x_wconf 81' lang='lat' dir='ltr'><strong>V.;</strong></span> <span class='ocrx_word' id='word_1_268' title='bbox 1213 3353 1257 3389; x_wconf 93' lang='lat' dir='ltr'>c.</span> <span class='ocrx_word' id='word_1_269' title='bbox 1302 3336 1382 3388; x_wconf 85' lang='lat'><strong>13.</strong></span> <span class='ocrx_word' id='word_1_270' title='bbox 1423 3336 1486 3388; x_wconf 88' lang='lat' dir='ltr'>D.</span> <span class='ocrx_word' id='word_1_271' title='bbox 1526 3334 1757 3398; x_wconf 90' lang='lat' dir='ltr'><strong>XXIII.;</strong></span> <span class='ocrx_word' id='word_1_272' title='bbox 1797 3352 1841 3388; x_wconf 89' lang='lat' dir='ltr'>c.</span> <span class='ocrx_word' id='word_1_273' title='bbox 1886 3336 1968 3388; x_wconf 91' lang='lat'><strong>10.</strong></span> <span class='ocrx_word' id='word_1_274' title='bbox 2010 3334 2067 3387; x_wconf 89' lang='lat' dir='ltr'><strong>C.</strong></span> <span class='ocrx_word' id='word_1_275' title='bbox 2107 3334 2224 3387; x_wconf 92' lang='lat' dir='ltr'>XX.</span> <span class='ocrx_word' id='word_1_276' title='bbox 2265 3352 2352 3402; x_wconf 92' lang='lat' dir='ltr'>qu.</span> <span class='ocrx_word' id='word_1_277' title='bbox 2396 3334 2442 3387; x_wconf 93' lang='lat'><strong>1.</strong></span> 
     </span>
    </p>

    <p class='ocr_par' dir='ltr' id='par_1_8' title="bbox 228 3412 2896 3720">
     <span class='ocr_line' id='line_1_31' title="bbox 416 3412 2895 3483; baseline 0.001 -18"><span class='ocrx_word' id='word_1_278' title='bbox 416 3414 438 3447; x_wconf 82' lang='lat'><strong>²</strong></span> <span class='ocrx_word' id='word_1_279' title='bbox 477 3412 564 3465; x_wconf 88' lang='lat' dir='ltr'>Ita</span> <span class='ocrx_word' id='word_1_280' title='bbox 600 3431 655 3466; x_wconf 93' lang='lat' dir='ltr'>v.</span> <span class='ocrx_word' id='word_1_281' title='bbox 694 3430 746 3480; x_wconf 83' lang='lat' dir='ltr'><strong>g.</strong></span> <span class='ocrx_word' id='word_1_282' title='bbox 799 3414 1007 3468; x_wconf 89' lang='lat' dir='ltr'>obtinet</span> <span class='ocrx_word' id='word_1_283' title='bbox 1055 3414 1113 3467; x_wconf 89' lang='lat' dir='ltr'>in</span> <span class='ocrx_word' id='word_1_284' title='bbox 1164 3433 1208 3468; x_wconf 90' lang='grc'>0.</span> <span class='ocrx_word' id='word_1_285' title='bbox 1253 3415 1298 3469; x_wconf 94' lang='grc'>1.</span> <span class='ocrx_word' id='word_1_286' title='bbox 1355 3415 1417 3468; x_wconf 91' lang='lat' dir='ltr'>D.</span> <span class='ocrx_word' id='word_1_287' title='bbox 1457 3415 1628 3469; x_wconf 91' lang='lat' dir='ltr'><strong>XVII.</strong></span> <span class='ocrx_word' id='word_1_288' title='bbox 1681 3414 1807 3468; x_wconf 91' lang='lat' dir='ltr'>inde</span> <span class='ocrx_word' id='word_1_289' title='bbox 1844 3432 1877 3467; x_wconf 89' lang='lat' dir='ltr'>a</span> <span class='ocrx_word' id='word_1_290' title='bbox 1915 3414 2164 3468; x_wconf 81' lang='lat' dir='ltr'>vocibus:</span> <span class='ocrx_word' id='word_1_291' title='bbox 2222 3414 2440 3482; x_wconf 81' lang='lat' dir='ltr'>„Neque</span> <span class='ocrx_word' id='word_1_292' title='bbox 2484 3414 2657 3467; x_wconf 87' lang='lat' dir='ltr'>ullum</span> <span class='ocrx_word' id='word_1_293' title='bbox 2694 3414 2895 3483; x_wconf 88' lang='lat' dir='ltr'>episco-</span> 
     </span>
     <span class='ocr_line' id='line_1_32' title="bbox 229 3493 2896 3562; baseline 0.001 -18"><span class='ocrx_word' id='word_1_294' title='bbox 229 3493 390 3559; x_wconf 84' lang='lat' dir='ltr'>pum“</span> <span class='ocrx_word' id='word_1_295' title='bbox 436 3496 577 3556; x_wconf 87' lang='lat' dir='ltr'>etc.;</span> <span class='ocrx_word' id='word_1_296' title='bbox 632 3494 698 3546; x_wconf 91' lang='lat' dir='ltr'>de</span> <span class='ocrx_word' id='word_1_297' title='bbox 736 3512 841 3562; x_wconf 91' lang='lat' dir='ltr'>quo</span> <span class='ocrx_word' id='word_1_298' title='bbox 893 3496 990 3548; x_wconf 82' lang='lat' dir='ltr'>cfr.</span> <span class='ocrx_word' id='word_1_299' title='bbox 1029 3498 1198 3548; x_wconf 88' lang='lat' dir='ltr'>notat.</span> <span class='ocrx_word' id='word_1_300' title='bbox 1242 3494 1414 3560; x_wconf 84' lang='lat' dir='ltr'>(Corr&#39;.</span> <span class='ocrx_word' id='word_1_301' title='bbox 1454 3495 1689 3561; x_wconf 84' lang='lat' dir='ltr'>Romm.)</span> <span class='ocrx_word' id='word_1_302' title='bbox 1748 3495 1818 3548; x_wconf 89' lang='lat' dir='ltr'>ad</span> <span class='ocrx_word' id='word_1_303' title='bbox 1869 3494 1959 3548; x_wconf 89' lang='lat' dir='ltr'>cit.</span> <span class='ocrx_word' id='word_1_304' title='bbox 2013 3512 2129 3548; x_wconf 89' lang='lat' dir='ltr'>can.</span> <span class='ocrx_word' id='word_1_305' title='bbox 2169 3512 2221 3547; x_wconf 91' lang='lat' dir='ltr'>v.</span> <span class='ocrx_word' id='word_1_306' title='bbox 2262 3496 2457 3561; x_wconf 81' lang='lat' dir='ltr'>Neque.</span> <span class='ocrx_word' id='word_1_307' title='bbox 2530 3494 2670 3547; x_wconf 90' lang='lat' dir='ltr'>Item</span> <span class='ocrx_word' id='word_1_308' title='bbox 2714 3493 2770 3547; x_wconf 91' lang='lat' dir='ltr'>id</span> <span class='ocrx_word' id='word_1_309' title='bbox 2807 3495 2896 3548; x_wconf 91' lang='lat' dir='ltr'>ob-</span> 
     </span>
     <span class='ocr_line' id='line_1_33' title="bbox 228 3570 2896 3642; baseline 0.002 -19"><span class='ocrx_word' id='word_1_310' title='bbox 228 3570 370 3625; x_wconf 88' lang='lat' dir='ltr'>tinet</span> <span class='ocrx_word' id='word_1_311' title='bbox 406 3572 468 3625; x_wconf 88' lang='lat' dir='ltr'>in</span> <span class='ocrx_word' id='word_1_312' title='bbox 509 3591 554 3627; x_wconf 87' lang='lat' dir='ltr'>c.</span> <span class='ocrx_word' id='word_1_313' title='bbox 582 3574 669 3627; x_wconf 84' lang='lat'><strong>52.</strong></span> <span class='ocrx_word' id='word_1_314' title='bbox 707 3574 772 3627; x_wconf 94' lang='lat' dir='ltr'>D.</span> <span class='ocrx_word' id='word_1_315' title='bbox 799 3573 858 3628; x_wconf 92' lang='lat' dir='ltr'><strong>L.</strong></span> <span class='ocrx_word' id='word_1_316' title='bbox 896 3574 1021 3628; x_wconf 91' lang='lat' dir='ltr'>inde</span> <span class='ocrx_word' id='word_1_317' title='bbox 1060 3593 1092 3629; x_wconf 88' lang='lat' dir='ltr'>a</span> <span class='ocrx_word' id='word_1_318' title='bbox 1117 3575 1370 3629; x_wconf 87' lang='lat' dir='ltr'>vocibus:</span> <span class='ocrx_word' id='word_1_319' title='bbox 1416 3575 1648 3641; x_wconf 84' lang='lat' dir='ltr'>„Quodsi</span> <span class='ocrx_word' id='word_1_320' title='bbox 1684 3575 1910 3628; x_wconf 83' lang='lat' dir='ltr'>iterato“</span> <span class='ocrx_word' id='word_1_321' title='bbox 1954 3578 2087 3638; x_wconf 88' lang='lat' dir='ltr'>etc.;</span> <span class='ocrx_word' id='word_1_322' title='bbox 2127 3575 2224 3628; x_wconf 82' lang='lat' dir='ltr'>cfr.</span> <span class='ocrx_word' id='word_1_323' title='bbox 2258 3577 2429 3627; x_wconf 89' lang='lat' dir='ltr'>notat.</span> <span class='ocrx_word' id='word_1_324' title='bbox 2459 3573 2632 3640; x_wconf 88' lang='lat' dir='ltr'>(Corr.</span> <span class='ocrx_word' id='word_1_325' title='bbox 2659 3574 2896 3642; x_wconf 87' lang='lat' dir='ltr'>Romm.)</span> 
     </span>
     <span class='ocr_line' id='line_1_34' title="bbox 229 3651 1183 3720; baseline 0.005 -17"><span class='ocrx_word' id='word_1_326' title='bbox 229 3651 297 3704; x_wconf 87' lang='lat' dir='ltr'>ad</span> <span class='ocrx_word' id='word_1_327' title='bbox 337 3652 431 3706; x_wconf 86' lang='lat' dir='ltr'>cit.</span> <span class='ocrx_word' id='word_1_328' title='bbox 476 3670 599 3706; x_wconf 82' lang='lat' dir='ltr'>can.</span> <span class='ocrx_word' id='word_1_329' title='bbox 637 3672 692 3707; x_wconf 94' lang='lat' dir='ltr'>v.</span> <span class='ocrx_word' id='word_1_330' title='bbox 737 3657 939 3720; x_wconf 62' lang='lat' dir='ltr'>Quodn·</span> <span class='ocrx_word' id='word_1_331' title='bbox 974 3660 1183 3709; x_wconf 75' lang='lat' dir='ltr'>iterato,</span> 
     </span>
    </p>

    <p class='ocr_par' dir='ltr' id='par_1_9' title="bbox 414 3734 2097 3805">
     <span class='ocr_line' id='line_1_35' title="bbox 414 3734 2097 3805; baseline 0.002 -20"><span class='ocrx_word' id='word_1_332' title='bbox 414 3734 436 3768; x_wconf 79' lang='grc'><strong>3</strong></span> <span class='ocrx_word' id='word_1_333' title='bbox 479 3735 713 3802; x_wconf 82' lang='lat' dir='ltr'>Schulte,</span> <span class='ocrx_word' id='word_1_334' title='bbox 750 3734 851 3787; x_wconf 93' lang='lat' dir='ltr'>Die</span> <span class='ocrx_word' id='word_1_335' title='bbox 890 3734 1217 3788; x_wconf 81' lang='lat' dir='ltr'>Geschichte</span> <span class='ocrx_word' id='word_1_336' title='bbox 1257 3737 1351 3789; x_wconf 90' lang='lat' dir='ltr'>der</span> <span class='ocrx_word' id='word_1_337' title='bbox 1389 3735 1632 3800; x_wconf 86' lang='lat' dir='ltr'>Quellen,</span> <span class='ocrx_word' id='word_1_338' title='bbox 1669 3738 1799 3788; x_wconf 89' lang='lat' dir='ltr'>tom.</span> <span class='ocrx_word' id='word_1_339' title='bbox 1839 3735 1880 3788; x_wconf 93' lang='grc' dir='ltr'>Ι.</span> <span class='ocrx_word' id='word_1_340' title='bbox 1919 3754 1970 3805; x_wconf 90' lang='lat' dir='ltr'>p.</span> <span class='ocrx_word' id='word_1_341' title='bbox 2013 3736 2097 3788; x_wconf 90' lang='lat'><strong>60.</strong></span> 
     </span>
    </p>

    <p class='ocr_par' dir='ltr' id='par_1_10' title="bbox 411 3812 1227 3884">
     <span class='ocr_line' id='line_1_36' title="bbox 411 3812 1227 3884; baseline -0.001 -17"><span class='ocrx_word' id='word_1_342' title='bbox 411 3812 433 3846; x_wconf 70' lang='lat'>⁴</span> <span class='ocrx_word' id='word_1_343' title='bbox 477 3815 699 3867; x_wconf 81' lang='lat' dir='ltr'>Schulte</span> <span class='ocrx_word' id='word_1_344' title='bbox 732 3814 769 3867; x_wconf 94' lang='lat' dir='ltr'>l.</span> <span class='ocrx_word' id='word_1_345' title='bbox 810 3832 855 3867; x_wconf 89' lang='lat' dir='ltr'>c.</span> <span class='ocrx_word' id='word_1_346' title='bbox 894 3833 945 3884; x_wconf 89' lang='lat' dir='ltr'>p.</span> <span class='ocrx_word' id='word_1_347' title='bbox 989 3816 1107 3870; x_wconf 87' lang='lat'><strong>109.</strong></span> <span class='ocrx_word' id='word_1_348' title='bbox 1147 3833 1227 3883; x_wconf 90' lang='lat' dir='ltr'>sq.</span> 
     </span>
    </p>

    <p class='ocr_par' dir='ltr' id='par_1_11' title="bbox 216 3894 2904 4767">
     <span class='ocr_line' id='line_1_37' title="bbox 413 3894 2899 3965; baseline 0 -19"><span class='ocrx_word' id='word_1_349' title='bbox 413 3895 436 3930; x_wconf 78' lang='lat'>⁵</span> <span class='ocrx_word' id='word_1_350' title='bbox 474 3894 543 3947; x_wconf 91' lang='lat' dir='ltr'>Id</span> <span class='ocrx_word' id='word_1_351' title='bbox 579 3897 816 3947; x_wconf 87' lang='lat' dir='ltr'>testatur</span> <span class='ocrx_word' id='word_1_352' title='bbox 853 3895 1134 3949; x_wconf 88' lang='lat' dir='ltr'>canonista</span> <span class='ocrx_word' id='word_1_353' title='bbox 1170 3898 1403 3961; x_wconf 76' lang='lat' dir='ltr'>Rufinus</span> <span class='ocrx_word' id='word_1_354' title='bbox 1450 3895 1508 3947; x_wconf 91' lang='lat' dir='ltr'>in</span> <span class='ocrx_word' id='word_1_355' title='bbox 1557 3912 1658 3948; x_wconf 86' lang='lat' dir='ltr'>sua</span> <span class='ocrx_word' id='word_1_356' title='bbox 1698 3897 1921 3947; x_wconf 80' lang='lat' dir='ltr'>Summa</span> <span class='ocrx_word' id='word_1_357' title='bbox 1957 3897 2171 3948; x_wconf 81' lang='lat' dir='ltr'>Decreti</span> <span class='ocrx_word' id='word_1_358' title='bbox 2210 3895 2379 3965; x_wconf 91' lang='lat' dir='ltr'>(apud</span> <span class='ocrx_word' id='word_1_359' title='bbox 2418 3896 2671 3948; x_wconf 81' lang='lat' dir='ltr'>Maassen</span> <span class='ocrx_word' id='word_1_360' title='bbox 2687 3936 2703 3963; x_wconf 85' lang='lat'>,</span> <span class='ocrx_word' id='word_1_361' title='bbox 2759 3895 2899 3948; x_wconf 91' lang='lat' dir='ltr'>Pau·</span> 
     </span>
     <span class='ocr_line' id='line_1_38' title="bbox 228 3972 2902 4045; baseline 0.001 -19"><span class='ocrx_word' id='word_1_362' title='bbox 228 3974 476 4043; x_wconf 84' lang='lat' dir='ltr'>capalea,</span> <span class='ocrx_word' id='word_1_363' title='bbox 519 3972 579 4027; x_wconf 85' lang='lat' dir='ltr'>in</span> <span class='ocrx_word' id='word_1_364' title='bbox 617 3974 732 4027; x_wconf 90' lang='lat' dir='ltr'>citt.</span> <span class='ocrx_word' id='word_1_365' title='bbox 770 3975 951 4028; x_wconf 87' lang='lat' dir='ltr'>relatt.</span> <span class='ocrx_word' id='word_1_366' title='bbox 992 3993 1126 4029; x_wconf 75' lang='lat' dir='ltr'>sess,</span> <span class='ocrx_word' id='word_1_367' title='bbox 1165 3979 1293 4028; x_wconf 89' lang='lat' dir='ltr'>tom.</span> <span class='ocrx_word' id='word_1_368' title='bbox 1333 3975 1530 4028; x_wconf 92' lang='lat' dir='ltr'><strong>XXXI.</strong></span> <span class='ocrx_word' id='word_1_369' title='bbox 1569 3993 1621 4045; x_wconf 91' lang='lat' dir='ltr'>p.</span> <span class='ocrx_word' id='word_1_370' title='bbox 1658 3975 1783 4029; x_wconf 86' lang='lat'><strong>455.</strong></span> <span class='ocrx_word' id='word_1_371' title='bbox 1822 3976 1959 4043; x_wconf 89' lang='lat' dir='ltr'>sq.),</span> <span class='ocrx_word' id='word_1_372' title='bbox 2010 3975 2280 4039; x_wconf 90' lang='lat' dir='ltr'>referens,</span> <span class='ocrx_word' id='word_1_373' title='bbox 2318 3975 2717 4044; x_wconf 88' lang='lat' dir='ltr'>Paucapaleam</span> <span class='ocrx_word' id='word_1_374' title='bbox 2755 3976 2902 4045; x_wconf 92' lang='lat' dir='ltr'>operi</span> 
     </span>
     <span class='ocr_line' id='line_1_39' title="bbox 229 4051 2902 4125; baseline 0 -18"><span class='ocrx_word' id='word_1_375' title='bbox 229 4051 489 4108; x_wconf 82' lang='lat' dir='ltr'>Gratiani</span> <span class='ocrx_word' id='word_1_376' title='bbox 531 4056 798 4122; x_wconf 86' lang='lat' dir='ltr'>quaedam</span> <span class='ocrx_word' id='word_1_377' title='bbox 837 4056 1057 4109; x_wconf 86' lang='lat' dir='ltr'>decreta</span> <span class='ocrx_word' id='word_1_378' title='bbox 1095 4055 1411 4125; x_wconf 87' lang='lat' dir='ltr'>apposuisse</span> <span class='ocrx_word' id='word_1_379' title='bbox 1428 4098 1441 4119; x_wconf 92' lang='lat'>‚</span> <span class='ocrx_word' id='word_1_380' title='bbox 1494 4073 1632 4123; x_wconf 88' lang='lat' dir='ltr'>quae</span> <span class='ocrx_word' id='word_1_381' title='bbox 1649 4097 1661 4119; x_wconf 89' lang='lat'>,</span> <span class='ocrx_word' id='word_1_382' title='bbox 1712 4055 1843 4108; x_wconf 91' lang='lat' dir='ltr'>licet</span> <span class='ocrx_word' id='word_1_383' title='bbox 1879 4072 1986 4108; x_wconf 93' lang='lat' dir='ltr'>non</span> <span class='ocrx_word' id='word_1_384' title='bbox 2023 4054 2134 4108; x_wconf 89' lang='lat' dir='ltr'>sint</span> <span class='ocrx_word' id='word_1_385' title='bbox 2168 4055 2391 4108; x_wconf 83' lang='lat' dir='ltr'>minoris</span> <span class='ocrx_word' id='word_1_386' title='bbox 2427 4055 2700 4120; x_wconf 91' lang='lat' dir='ltr'>momenti,</span> <span class='ocrx_word' id='word_1_387' title='bbox 2739 4073 2902 4123; x_wconf 86' lang='lat' dir='ltr'>quam</span> 
     </span>
     <span class='ocr_line' id='line_1_40' title="bbox 225 4134 2903 4205; baseline -0 -17"><span class='ocrx_word' id='word_1_388' title='bbox 225 4134 333 4187; x_wconf 76' lang='lat' dir='ltr'>alia</span> <span class='ocrx_word' id='word_1_389' title='bbox 371 4135 453 4188; x_wconf 91' lang='lat' dir='ltr'>ibi</span> <span class='ocrx_word' id='word_1_390' title='bbox 495 4134 694 4204; x_wconf 89' lang='lat' dir='ltr'>posita,</span> <span class='ocrx_word' id='word_1_391' title='bbox 732 4138 931 4200; x_wconf 88' lang='lat' dir='ltr'>tamen,</span> <span class='ocrx_word' id='word_1_392' title='bbox 972 4136 1099 4203; x_wconf 90' lang='lat' dir='ltr'>quia</span> <span class='ocrx_word' id='word_1_393' title='bbox 1137 4152 1170 4188; x_wconf 88' lang='lat' dir='ltr'>a</span> <span class='ocrx_word' id='word_1_394' title='bbox 1195 4135 1482 4205; x_wconf 88' lang='lat' dir='ltr'>principali</span> <span class='ocrx_word' id='word_1_395' title='bbox 1506 4138 1726 4189; x_wconf 88' lang='lat' dir='ltr'>auctore</span> <span class='ocrx_word' id='word_1_396' title='bbox 1762 4135 1928 4205; x_wconf 86' lang='lat' dir='ltr'>hujus</span> <span class='ocrx_word' id='word_1_397' title='bbox 1965 4134 2089 4188; x_wconf 89' lang='lat' dir='ltr'>libri</span> <span class='ocrx_word' id='word_1_398' title='bbox 2113 4153 2219 4188; x_wconf 89' lang='lat' dir='ltr'>non</span> <span class='ocrx_word' id='word_1_399' title='bbox 2245 4134 2357 4189; x_wconf 88' lang='lat' dir='ltr'>sint</span> <span class='ocrx_word' id='word_1_400' title='bbox 2379 4135 2573 4205; x_wconf 86' lang='lat' dir='ltr'>posita,</span> <span class='ocrx_word' id='word_1_401' title='bbox 2610 4136 2667 4188; x_wconf 91' lang='lat' dir='ltr'>in</span> <span class='ocrx_word' id='word_1_402' title='bbox 2701 4135 2903 4189; x_wconf 88' lang='lat' dir='ltr'>scholis</span> 
     </span>
     <span class='ocr_line' id='line_1_41' title="bbox 224 4214 2902 4286; baseline 0.001 -21"><span class='ocrx_word' id='word_1_403' title='bbox 224 4231 332 4267; x_wconf 91' lang='lat' dir='ltr'>non</span> <span class='ocrx_word' id='word_1_404' title='bbox 369 4215 657 4282; x_wconf 83' lang='lat' dir='ltr'>legantur.</span> <span class='ocrx_word' id='word_1_405' title='bbox 732 4215 870 4268; x_wconf 87' lang='lat' dir='ltr'>Item</span> <span class='ocrx_word' id='word_1_406' title='bbox 909 4215 1190 4269; x_wconf 85' lang='lat' dir='ltr'>canonista</span> <span class='ocrx_word' id='word_1_407' title='bbox 1227 4217 1531 4284; x_wconf 57' lang='lat' dir='ltr'>Hammo,</span> <span class='ocrx_word' id='word_1_408' title='bbox 1585 4215 1677 4283; x_wconf 91' lang='lat' dir='ltr'>qui</span> <span class='ocrx_word' id='word_1_409' title='bbox 1723 4215 1838 4286; x_wconf 88' lang='lat' dir='ltr'>jam</span> <span class='ocrx_word' id='word_1_410' title='bbox 1884 4233 2022 4269; x_wconf 91' lang='lat' dir='ltr'>anno</span> <span class='ocrx_word' id='word_1_411' title='bbox 2063 4215 2200 4269; x_wconf 87' lang='lat'>1178</span> <span class='ocrx_word' id='word_1_412' title='bbox 2238 4215 2510 4268; x_wconf 86' lang='lat' dir='ltr'>Bononiae</span> <span class='ocrx_word' id='word_1_413' title='bbox 2556 4215 2649 4285; x_wconf 85' lang='lat' dir='ltr'>jus</span> <span class='ocrx_word' id='word_1_414' title='bbox 2686 4214 2902 4268; x_wconf 87' lang='lat' dir='ltr'>canoni-</span> 
     </span>
     <span class='ocr_line' id='line_1_42' title="bbox 223 4294 2900 4364; baseline 0 -16"><span class='ocrx_word' id='word_1_415' title='bbox 223 4312 348 4349; x_wconf 90' lang='lat' dir='ltr'>cum</span> <span class='ocrx_word' id='word_1_416' title='bbox 389 4295 648 4359; x_wconf 88' lang='lat' dir='ltr'>docebat,</span> <span class='ocrx_word' id='word_1_417' title='bbox 685 4294 742 4347; x_wconf 90' lang='lat' dir='ltr'>in</span> <span class='ocrx_word' id='word_1_418' title='bbox 778 4313 878 4349; x_wconf 90' lang='lat' dir='ltr'>sua</span> <span class='ocrx_word' id='word_1_419' title='bbox 918 4297 1140 4349; x_wconf 83' lang='lat' dir='ltr'>Summa</span> <span class='ocrx_word' id='word_1_420' title='bbox 1176 4298 1405 4363; x_wconf 73' lang='lat' dir='ltr'>Decreti,</span> <span class='ocrx_word' id='word_1_421' title='bbox 1448 4296 1798 4349; x_wconf 86' lang='lat'>1178-1187</span> <span class='ocrx_word' id='word_1_422' title='bbox 1839 4296 2101 4349; x_wconf 88' lang='lat' dir='ltr'>adornata</span> <span class='ocrx_word' id='word_1_423' title='bbox 2141 4297 2395 4364; x_wconf 79' lang='lat' dir='ltr'>(Schulte,</span> <span class='ocrx_word' id='word_1_424' title='bbox 2433 4295 2534 4348; x_wconf 91' lang='lat' dir='ltr'>Die</span> <span class='ocrx_word' id='word_1_425' title='bbox 2572 4294 2900 4350; x_wconf 84' lang='lat' dir='ltr'>Geschichte</span> 
     </span>
     <span class='ocr_line' id='line_1_43' title="bbox 221 4375 2900 4445; baseline 0 -16"><span class='ocrx_word' id='word_1_426' title='bbox 221 4375 318 4429; x_wconf 88' lang='lat' dir='ltr'>der</span> <span class='ocrx_word' id='word_1_427' title='bbox 345 4376 609 4441; x_wconf 83' lang='lat' dir='ltr'>Quellen,</span> <span class='ocrx_word' id='word_1_428' title='bbox 645 4378 774 4429; x_wconf 91' lang='lat' dir='ltr'>tom.</span> <span class='ocrx_word' id='word_1_429' title='bbox 801 4376 860 4440; x_wconf 89' lang='grc' dir='ltr'>Ι.,</span> <span class='ocrx_word' id='word_1_430' title='bbox 899 4394 948 4445; x_wconf 89' lang='lat' dir='ltr'><strong>p.</strong></span> <span class='ocrx_word' id='word_1_431' title='bbox 982 4377 1098 4429; x_wconf 85' lang='lat'><strong>156.</strong></span> <span class='ocrx_word' id='word_1_432' title='bbox 1121 4376 1287 4444; x_wconf 90' lang='lat' dir='ltr'>sqq.),</span> <span class='ocrx_word' id='word_1_433' title='bbox 1326 4375 1420 4428; x_wconf 90' lang='lat' dir='ltr'>ubi</span> <span class='ocrx_word' id='word_1_434' title='bbox 1456 4376 1525 4428; x_wconf 87' lang='lat' dir='ltr'>ad</span> <span class='ocrx_word' id='word_1_435' title='bbox 1562 4375 1960 4439; x_wconf 86' lang='lat' dir='ltr'>auctoritatem,</span> <span class='ocrx_word' id='word_1_436' title='bbox 1997 4375 2056 4428; x_wconf 89' lang='lat' dir='ltr'>in</span> <span class='ocrx_word' id='word_1_437' title='bbox 2092 4393 2138 4429; x_wconf 89' lang='lat' dir='ltr'>c.</span> <span class='ocrx_word' id='word_1_438' title='bbox 2174 4378 2322 4429; x_wconf 83' lang='lat' dir='ltr'>Illud</span> <span class='ocrx_word' id='word_1_439' title='bbox 2359 4384 2547 4429; x_wconf 60' lang='lat' dir='ltr'>autern.</span> <span class='ocrx_word' id='word_1_440' title='bbox 2580 4377 2662 4430; x_wconf 90' lang='lat'><strong>10.</strong></span> <span class='ocrx_word' id='word_1_441' title='bbox 2704 4375 2760 4428; x_wconf 89' lang='lat' dir='ltr'><strong>C.</strong></span> <span class='ocrx_word' id='word_1_442' title='bbox 2782 4375 2900 4429; x_wconf 93' lang='lat' dir='ltr'><strong>XX.</strong></span> 
     </span>
     <span class='ocr_line' id='line_1_44' title="bbox 222 4454 2904 4525; baseline -0 -16"><span class='ocrx_word' id='word_1_443' title='bbox 222 4471 311 4524; x_wconf 90' lang='lat' dir='ltr'>qu.</span> <span class='ocrx_word' id='word_1_444' title='bbox 357 4457 407 4509; x_wconf 91' lang='lat'><strong>1.</strong></span> <span class='ocrx_word' id='word_1_445' title='bbox 450 4455 696 4525; x_wconf 84' lang='lat' dir='ltr'>positam</span> <span class='ocrx_word' id='word_1_446' title='bbox 716 4498 728 4520; x_wconf 89' lang='lat'>,</span> <span class='ocrx_word' id='word_1_447' title='bbox 779 4459 934 4509; x_wconf 86' lang='lat' dir='ltr'>notat</span> <span class='ocrx_word' id='word_1_448' title='bbox 972 4456 1186 4510; x_wconf 87' lang='lat' dir='ltr'>dicens:</span> <span class='ocrx_word' id='word_1_449' title='bbox 1241 4455 1343 4520; x_wconf 83' lang='lat' dir='ltr'>„Et</span> <span class='ocrx_word' id='word_1_450' title='bbox 1380 4459 1608 4509; x_wconf 89' lang='lat' dir='ltr'>vocatur</span> <span class='ocrx_word' id='word_1_451' title='bbox 1645 4455 1843 4520; x_wconf 86' lang='lat' dir='ltr'>Palea,</span> <span class='ocrx_word' id='word_1_452' title='bbox 1897 4474 1930 4509; x_wconf 91' lang='lat' dir='ltr'>a</span> <span class='ocrx_word' id='word_1_453' title='bbox 1968 4474 2065 4509; x_wconf 91' lang='lat' dir='ltr'>suo</span> <span class='ocrx_word' id='word_1_454' title='bbox 2104 4459 2352 4520; x_wconf 89' lang='lat' dir='ltr'>auctore,</span> <span class='ocrx_word' id='word_1_455' title='bbox 2391 4455 2603 4509; x_wconf 88' lang='lat' dir='ltr'>scilicet</span> <span class='ocrx_word' id='word_1_456' title='bbox 2639 4454 2904 4525; x_wconf 90' lang='lat' dir='ltr'>discipulo</span> 
     </span>
     <span class='ocr_line' id='line_1_45' title="bbox 221 4534 2902 4606; baseline 0 -17"><span class='ocrx_word' id='word_1_457' title='bbox 221 4534 513 4600; x_wconf 81' lang='lat' dir='ltr'>Gratiani,</span> <span class='ocrx_word' id='word_1_458' title='bbox 572 4535 665 4603; x_wconf 91' lang='lat' dir='ltr'>qui</span> <span class='ocrx_word' id='word_1_459' title='bbox 714 4535 1056 4606; x_wconf 89' lang='lat' dir='ltr'>Paucapalea</span> <span class='ocrx_word' id='word_1_460' title='bbox 1104 4535 1450 4589; x_wconf 80' lang='lat' dir='ltr'>vocabatur.“</span> <span class='ocrx_word' id='word_1_461' title='bbox 1535 4535 1720 4604; x_wconf 84' lang='lat' dir='ltr'>(Apud</span> <span class='ocrx_word' id='word_1_462' title='bbox 1760 4538 1914 4588; x_wconf 77' lang='lat' dir='ltr'>Sarli</span> <span class='ocrx_word' id='word_1_463' title='bbox 1964 4535 2000 4589; x_wconf 94' lang='grc'>1.</span> <span class='ocrx_word' id='word_1_464' title='bbox 2041 4554 2085 4589; x_wconf 87' lang='grc'>0.</span> <span class='ocrx_word' id='word_1_465' title='bbox 2137 4539 2266 4589; x_wconf 90' lang='lat' dir='ltr'>tom.</span> <span class='ocrx_word' id='word_1_466' title='bbox 2305 4537 2345 4589; x_wconf 93' lang='lat' dir='ltr'><strong>I.</strong></span> <span class='ocrx_word' id='word_1_467' title='bbox 2402 4539 2541 4606; x_wconf 89' lang='lat' dir='ltr'>part.</span> <span class='ocrx_word' id='word_1_468' title='bbox 2585 4537 2630 4589; x_wconf 91' lang='lat'><strong>1.</strong></span> <span class='ocrx_word' id='word_1_469' title='bbox 2688 4554 2740 4605; x_wconf 92' lang='lat' dir='ltr'><strong>p.</strong></span> <span class='ocrx_word' id='word_1_470' title='bbox 2781 4536 2902 4590; x_wconf 85' lang='lat'><strong>281.</strong></span> 
     </span>
     <span class='ocr_line' id='line_1_46' title="bbox 220 4615 2899 4685; baseline 0 -16"><span class='ocrx_word' id='word_1_471' title='bbox 220 4615 253 4681; x_wconf 62' lang='grc' dir='ltr'>ἓ</span> <span class='ocrx_word' id='word_1_472' title='bbox 295 4617 371 4683; x_wconf 91' lang='grc'>1.)</span> <span class='ocrx_word' id='word_1_473' title='bbox 441 4616 494 4670; x_wconf 87' lang='grc' dir='ltr'>Ε</span> <span class='ocrx_word' id='word_1_474' title='bbox 539 4615 737 4683; x_wconf 89' lang='lat' dir='ltr'>quibus</span> <span class='ocrx_word' id='word_1_475' title='bbox 776 4616 961 4669; x_wconf 90' lang='lat' dir='ltr'>verbis</span> <span class='ocrx_word' id='word_1_476' title='bbox 1000 4615 1162 4669; x_wconf 89' lang='lat' dir='ltr'>simul</span> <span class='ocrx_word' id='word_1_477' title='bbox 1201 4616 1393 4679; x_wconf 88' lang='lat' dir='ltr'>elucet,</span> <span class='ocrx_word' id='word_1_478' title='bbox 1433 4615 1578 4668; x_wconf 90' lang='lat' dir='ltr'>haud</span> <span class='ocrx_word' id='word_1_479' title='bbox 1615 4616 1949 4684; x_wconf 88' lang='lat' dir='ltr'>probandum</span> <span class='ocrx_word' id='word_1_480' title='bbox 1989 4634 2124 4681; x_wconf 90' lang='lat' dir='ltr'>esse,</span> <span class='ocrx_word' id='word_1_481' title='bbox 2165 4618 2306 4685; x_wconf 87' lang='lat' dir='ltr'>quod</span> <span class='ocrx_word' id='word_1_482' title='bbox 2344 4615 2477 4669; x_wconf 89' lang='lat' dir='ltr'>dicit</span> <span class='ocrx_word' id='word_1_483' title='bbox 2503 4617 2715 4669; x_wconf 76' lang='lat' dir='ltr'>Schulte</span> <span class='ocrx_word' id='word_1_484' title='bbox 2755 4616 2814 4681; x_wconf 90' lang='lat' dir='ltr'>(l.</span> <span class='ocrx_word' id='word_1_485' title='bbox 2856 4636 2899 4679; x_wconf 78' lang='lat' dir='ltr'>c,</span> 
     </span>
     <span class='ocr_line' id='line_1_47' title="bbox 216 4694 2902 4767; baseline -0 -16"><span class='ocrx_word' id='word_1_486' title='bbox 216 4715 268 4767; x_wconf 92' lang='lat' dir='ltr'><strong>p.</strong></span> <span class='ocrx_word' id='word_1_487' title='bbox 308 4699 401 4752; x_wconf 81' lang='lat'><strong>52.</strong></span> <span class='ocrx_word' id='word_1_488' title='bbox 442 4697 509 4750; x_wconf 87' lang='lat' dir='ltr'>in</span> <span class='ocrx_word' id='word_1_489' title='bbox 551 4697 738 4762; x_wconf 85' lang='lat' dir='ltr'>nota),</span> <span class='ocrx_word' id='word_1_490' title='bbox 777 4696 950 4749; x_wconf 91' lang='lat' dir='ltr'>videri</span> <span class='ocrx_word' id='word_1_491' title='bbox 989 4695 1398 4763; x_wconf 89' lang='lat' dir='ltr'>Huguccionem</span> <span class='ocrx_word' id='word_1_492' title='bbox 1435 4694 1779 4761; x_wconf 88' lang='lat' dir='ltr'>ignoravisse</span> <span class='ocrx_word' id='word_1_493' title='bbox 1796 4738 1809 4760; x_wconf 90' lang='lat'>,</span> <span class='ocrx_word' id='word_1_494' title='bbox 1850 4699 2125 4749; x_wconf 86' lang='lat' dir='ltr'>auctorem</span> <span class='ocrx_word' id='word_1_495' title='bbox 2162 4696 2375 4749; x_wconf 89' lang='lat' dir='ltr'>illorum</span> <span class='ocrx_word' id='word_1_496' title='bbox 2414 4696 2902 4766; x_wconf 69' lang='lat' dir='ltr'>additamentorum</span> 
     </span>
    </p>
   </div>
   <div class='ocr_carea' id='block_1_6' title="bbox 215 4775 864 4845">
    <p class='ocr_par' dir='ltr' id='par_1_12' title="bbox 215 4775 864 4845">
     <span class='ocr_line' id='line_1_48' title="bbox 215 4775 864 4845; baseline -0.002 -14"><span class='ocrx_word' id='word_1_497' title='bbox 215 4778 395 4831; x_wconf 84' lang='lat' dir='ltr'>fuisse</span> <span class='ocrx_word' id='word_1_498' title='bbox 434 4775 864 4845; x_wconf 86' lang='lat' dir='ltr'>Paucapaleam.</span> 
     </span>
    </p>
   </div>
  </div>
 </body>
</html>
