<?xml version="1.0" encoding="UTF-8"?>
<!DOCTYPE html PUBLIC "-//W3C//DTD XHTML 1.0 Transitional//EN"
    "http://www.w3.org/TR/xhtml1/DTD/xhtml1-transitional.dtd">
<html xmlns="http://www.w3.org/1999/xhtml" xml:lang="en" lang="en">
 <head>
  <title>
</title>
<meta http-equiv="Content-Type" content="text/html;charset=utf-8" />
  <meta name='ocr-system' content='tesseract 3.04.00' />
  <meta name='ocr-capabilities' content='ocr_page ocr_carea ocr_par ocr_line ocrx_word'/>
</head>
<body>
  <div class='ocr_page' id='page_1' title='image "./introductioinco00laurgoog_0096.png"; bbox 0 0 3355 5328; ppageno 0'>
   <div class='ocr_carea' id='block_1_1' title="bbox 349 304 2103 393">
    <p class='ocr_par' dir='ltr' id='par_1_1' title="bbox 349 304 2103 393">
     <span class='ocr_line' id='line_1_1' title="bbox 349 304 2103 393; baseline 0.002 -36"><span class='ocrx_word' id='word_1_1' title='bbox 349 304 417 393; x_wconf 83' lang='grc'>72</span> <span class='ocrx_word' id='word_1_2' title='bbox 1237 306 1374 359; x_wconf 87' lang='lat' dir='ltr'>Pars</span> <span class='ocrx_word' id='word_1_3' title='bbox 1414 307 1452 359; x_wconf 94' lang='grc' dir='ltr'>Ι.</span> <span class='ocrx_word' id='word_1_4' title='bbox 1509 306 1801 361; x_wconf 78' lang='lat' dir='ltr'><strong>Decretum</strong></span> <span class='ocrx_word' id='word_1_5' title='bbox 1839 307 2103 361; x_wconf 82' lang='lat' dir='ltr'>Gratiani.</span> 
     </span>
    </p>
   </div>
   <div class='ocr_carea' id='block_1_2' title="bbox 344 458 3014 2003">
    <p class='ocr_par' dir='ltr' id='par_1_2' title="bbox 346 458 3010 846">
     <span class='ocr_line' id='line_1_2' title="bbox 349 458 3009 552; baseline 0.002 -25"><span class='ocrx_word' id='word_1_6' title='bbox 349 464 800 543; x_wconf 88' lang='lat' dir='ltr'>sertationem,</span> <span class='ocrx_word' id='word_1_7' title='bbox 849 466 1265 550; x_wconf 80' lang='lat' dir='ltr'>inscriptam:</span> <span class='ocrx_word' id='word_1_8' title='bbox 1326 469 1458 545; x_wconf 85' lang='lat' dir='ltr'>„De</span> <span class='ocrx_word' id='word_1_9' title='bbox 1492 469 1774 533; x_wconf 91' lang='lat' dir='ltr'>Decreto</span> <span class='ocrx_word' id='word_1_10' title='bbox 1813 458 2148 534; x_wconf 60' lang='grc' dir='ltr'>(1111151111ιῦί</span> <span class='ocrx_word' id='word_1_11' title='bbox 2182 469 2223 546; x_wconf 81' lang='lat'>1,</span> <span class='ocrx_word' id='word_1_12' title='bbox 2274 491 2471 552; x_wconf 87' lang='lat' dir='ltr'>quam</span> <span class='ocrx_word' id='word_1_13' title='bbox 2517 469 2821 552; x_wconf 81' lang='lat' dir='ltr'>deinceps</span> <span class='ocrx_word' id='word_1_14' title='bbox 2870 469 3009 551; x_wconf 87' lang='lat' dir='ltr'>ejus</span> 
     </span>
     <span class='ocr_line' id='line_1_3' title="bbox 347 561 3010 649; baseline 0.002 -25"><span class='ocrx_word' id='word_1_15' title='bbox 347 561 517 645; x_wconf 83' lang='lat' dir='ltr'>filius</span> <span class='ocrx_word' id='word_1_16' title='bbox 563 563 875 647; x_wconf 70' lang='lat' dir='ltr'>Josephus</span> <span class='ocrx_word' id='word_1_17' title='bbox 921 566 1238 630; x_wconf 74' lang='lat' dir='ltr'>Antonius</span> <span class='ocrx_word' id='word_1_18' title='bbox 1260 618 1275 645; x_wconf 90' lang='lat'>,</span> <span class='ocrx_word' id='word_1_19' title='bbox 1331 566 1498 648; x_wconf 86' lang='lat' dir='ltr'>juris</span> <span class='ocrx_word' id='word_1_20' title='bbox 1559 565 1799 649; x_wconf 81' lang='lat' dir='ltr'>publici</span> <span class='ocrx_word' id='word_1_21' title='bbox 1848 565 2319 649; x_wconf 86' lang='lat' dir='ltr'>(Staatsrecht)</span> <span class='ocrx_word' id='word_1_22' title='bbox 2366 567 2433 631; x_wconf 91' lang='lat' dir='ltr'>in</span> <span class='ocrx_word' id='word_1_23' title='bbox 2479 565 2799 648; x_wconf 88' lang='lat' dir='ltr'>Pragensi</span> <span class='ocrx_word' id='word_1_24' title='bbox 2845 565 3010 630; x_wconf 90' lang='lat' dir='ltr'>Uni-</span> 
     </span>
     <span class='ocr_line' id='line_1_4' title="bbox 346 660 3010 748; baseline 0.001 -24"><span class='ocrx_word' id='word_1_25' title='bbox 346 660 664 726; x_wconf 89' lang='lat' dir='ltr'>versitate</span> <span class='ocrx_word' id='word_1_26' title='bbox 689 662 1023 745; x_wconf 80' lang='lat' dir='ltr'>professor</span> <span class='ocrx_word' id='word_1_27' title='bbox 1048 663 1116 745; x_wconf 84' lang='lat'>(†</span> <span class='ocrx_word' id='word_1_28' title='bbox 1140 664 1336 746; x_wconf 85' lang='grc'>1795)</span> <span class='ocrx_word' id='word_1_29' title='bbox 1355 663 1399 742; x_wconf 79' lang='lat'>²,</span> <span class='ocrx_word' id='word_1_30' title='bbox 1435 665 1810 730; x_wconf 73' lang='lat' dir='ltr'>emendavit</span> <span class='ocrx_word' id='word_1_31' title='bbox 1835 669 1903 731; x_wconf 94' lang='lat' dir='ltr'>et</span> <span class='ocrx_word' id='word_1_32' title='bbox 1927 665 2341 748; x_wconf 76' lang='lat' dir='ltr'>inscriptam:</span> <span class='ocrx_word' id='word_1_33' title='bbox 2386 666 2519 742; x_wconf 88' lang='lat' dir='ltr'>„De</span> <span class='ocrx_word' id='word_1_34' title='bbox 2546 663 2845 730; x_wconf 82' lang='lat' dir='ltr'>Gratiani</span> <span class='ocrx_word' id='word_1_35' title='bbox 2877 664 3010 728; x_wconf 93' lang='lat' dir='ltr'>col-</span> 
     </span>
     <span class='ocr_line' id='line_1_5' title="bbox 346 757 3008 846; baseline 0.002 -25"><span class='ocrx_word' id='word_1_36' title='bbox 346 758 624 823; x_wconf 89' lang='lat' dir='ltr'>lectione</span> <span class='ocrx_word' id='word_1_37' title='bbox 650 780 970 825; x_wconf 91' lang='lat' dir='ltr'>canonum</span> <span class='ocrx_word' id='word_1_38' title='bbox 1004 761 1304 843; x_wconf 89' lang='lat' dir='ltr'>illiusque</span> <span class='ocrx_word' id='word_1_39' title='bbox 1337 763 1643 828; x_wconf 88' lang='lat' dir='ltr'>methodo</span> <span class='ocrx_word' id='word_1_40' title='bbox 1681 768 1749 829; x_wconf 93' lang='lat' dir='ltr'>et</span> <span class='ocrx_word' id='word_1_41' title='bbox 1772 763 2057 828; x_wconf 89' lang='lat' dir='ltr'>mendis“</span> <span class='ocrx_word' id='word_1_42' title='bbox 2102 786 2159 829; x_wconf 90' lang='lat' dir='ltr'>a.</span> <span class='ocrx_word' id='word_1_43' title='bbox 2189 765 2358 827; x_wconf 78' lang='grc'>1774</span> <span class='ocrx_word' id='word_1_44' title='bbox 2385 762 2563 846; x_wconf 90' lang='lat' dir='ltr'>typis</span> <span class='ocrx_word' id='word_1_45' title='bbox 2596 760 2938 843; x_wconf 81' lang='lat' dir='ltr'>evulgavit</span> <span class='ocrx_word' id='word_1_46' title='bbox 2962 757 3008 827; x_wconf 77' lang='lat'>3.</span> 
     </span>
    </p>

    <p class='ocr_par' dir='ltr' id='par_1_3' title="bbox 344 858 3012 1237">
     <span class='ocr_line' id='line_1_6' title="bbox 529 858 3011 943; baseline 0.001 -22"><span class='ocrx_word' id='word_1_47' title='bbox 529 859 586 922; x_wconf 92' lang='lat'>6.</span> <span class='ocrx_word' id='word_1_48' title='bbox 638 858 917 923; x_wconf 76' lang='lat' dir='ltr'>Jodocus</span> <span class='ocrx_word' id='word_1_49' title='bbox 964 862 1019 924; x_wconf 80' lang='lat' dir='ltr'>le</span> <span class='ocrx_word' id='word_1_50' title='bbox 1065 861 1232 942; x_wconf 75' lang='lat' dir='ltr'>Plat,</span> <span class='ocrx_word' id='word_1_51' title='bbox 1274 861 1441 943; x_wconf 86' lang='lat' dir='ltr'>juris</span> <span class='ocrx_word' id='word_1_52' title='bbox 1489 861 1784 927; x_wconf 89' lang='lat' dir='ltr'>canonici</span> <span class='ocrx_word' id='word_1_53' title='bbox 1830 862 1898 926; x_wconf 90' lang='lat' dir='ltr'>in</span> <span class='ocrx_word' id='word_1_54' title='bbox 1927 860 2382 927; x_wconf 89' lang='lat' dir='ltr'>Universitate</span> <span class='ocrx_word' id='word_1_55' title='bbox 2414 859 2813 925; x_wconf 88' lang='lat' dir='ltr'>Lovaniensi</span> <span class='ocrx_word' id='word_1_56' title='bbox 2858 881 3011 943; x_wconf 92' lang='lat' dir='ltr'>pro-</span> 
     </span>
     <span class='ocr_line' id='line_1_7' title="bbox 345 953 3012 1042; baseline 0.002 -26"><span class='ocrx_word' id='word_1_57' title='bbox 345 953 559 1019; x_wconf 86' lang='lat' dir='ltr'>fessor</span> <span class='ocrx_word' id='word_1_58' title='bbox 606 954 675 1036; x_wconf 87' lang='lat'>(†</span> <span class='ocrx_word' id='word_1_59' title='bbox 729 955 926 1037; x_wconf 93' lang='grc'>1810)</span> <span class='ocrx_word' id='word_1_60' title='bbox 953 957 998 1035; x_wconf 68' lang='lat'>⁴,</span> <span class='ocrx_word' id='word_1_61' title='bbox 1063 957 1172 1039; x_wconf 91' lang='lat' dir='ltr'>qui</span> <span class='ocrx_word' id='word_1_62' title='bbox 1218 980 1336 1042; x_wconf 91' lang='lat' dir='ltr'>pro</span> <span class='ocrx_word' id='word_1_63' title='bbox 1383 959 1651 1025; x_wconf 90' lang='lat' dir='ltr'>Decreti</span> <span class='ocrx_word' id='word_1_64' title='bbox 1700 958 2187 1036; x_wconf 86' lang='lat' dir='ltr'>emendatione,</span> <span class='ocrx_word' id='word_1_65' title='bbox 2239 958 2498 1023; x_wconf 91' lang='lat' dir='ltr'>omnino</span> <span class='ocrx_word' id='word_1_66' title='bbox 2546 962 2771 1023; x_wconf 90' lang='lat' dir='ltr'>tamen</span> <span class='ocrx_word' id='word_1_67' title='bbox 2817 978 3012 1040; x_wconf 90' lang='lat' dir='ltr'>prae-</span> 
     </span>
     <span class='ocr_line' id='line_1_8' title="bbox 344 1051 3012 1135; baseline 0.001 -20"><span class='ocrx_word' id='word_1_68' title='bbox 344 1051 485 1116; x_wconf 90' lang='lat' dir='ltr'>fato</span> <span class='ocrx_word' id='word_1_69' title='bbox 535 1053 716 1135; x_wconf 91' lang='lat' dir='ltr'>operi</span> <span class='ocrx_word' id='word_1_70' title='bbox 759 1056 973 1118; x_wconf 76' lang='lat' dir='ltr'>Caroli</span> <span class='ocrx_word' id='word_1_71' title='bbox 1005 1056 1243 1121; x_wconf 79' lang='lat' dir='ltr'>Sebast.</span> <span class='ocrx_word' id='word_1_72' title='bbox 1294 1057 1582 1121; x_wconf 64' lang='lat' dir='ltr'>Barardi</span> <span class='ocrx_word' id='word_1_73' title='bbox 1627 1056 1908 1134; x_wconf 81' lang='lat' dir='ltr'>innixuS‚</span> <span class='ocrx_word' id='word_1_74' title='bbox 1959 1056 2488 1122; x_wconf 81' lang='lat' dir='ltr'>dissertationem</span> <span class='ocrx_word' id='word_1_75' title='bbox 2536 1055 2845 1120; x_wconf 85' lang='lat' dir='ltr'>exaravit</span> <span class='ocrx_word' id='word_1_76' title='bbox 2891 1055 3012 1120; x_wconf 92' lang='lat' dir='ltr'>sub</span> 
     </span>
     <span class='ocr_line' id='line_1_9' title="bbox 344 1149 3009 1237; baseline 0.002 -23"><span class='ocrx_word' id='word_1_77' title='bbox 344 1149 537 1214; x_wconf 91' lang='lat' dir='ltr'>titulo</span> <span class='ocrx_word' id='word_1_78' title='bbox 558 1174 570 1213; x_wconf 92' lang='lat'>:</span> <span class='ocrx_word' id='word_1_79' title='bbox 616 1153 748 1229; x_wconf 87' lang='lat' dir='ltr'>„De</span> <span class='ocrx_word' id='word_1_80' title='bbox 768 1152 1006 1236; x_wconf 90' lang='lat' dir='ltr'>spuriis</span> <span class='ocrx_word' id='word_1_81' title='bbox 1026 1152 1093 1216; x_wconf 91' lang='lat' dir='ltr'>in</span> <span class='ocrx_word' id='word_1_82' title='bbox 1112 1154 1427 1220; x_wconf 80' lang='lat' dir='ltr'>Gratiano</span> <span class='ocrx_word' id='word_1_83' title='bbox 1445 1155 1846 1220; x_wconf 88' lang='lat' dir='ltr'>Canonibus“</span> <span class='ocrx_word' id='word_1_84' title='bbox 1864 1205 1877 1232; x_wconf 93' lang='lat'>,</span> <span class='ocrx_word' id='word_1_85' title='bbox 1906 1176 2072 1236; x_wconf 91' lang='lat' dir='ltr'>quae</span> <span class='ocrx_word' id='word_1_86' title='bbox 2092 1154 2270 1237; x_wconf 91' lang='lat' dir='ltr'>typis</span> <span class='ocrx_word' id='word_1_87' title='bbox 2289 1152 2532 1237; x_wconf 89' lang='lat' dir='ltr'>prodiit</span> <span class='ocrx_word' id='word_1_88' title='bbox 2546 1153 2799 1219; x_wconf 89' lang='lat' dir='ltr'>Lovani</span> <span class='ocrx_word' id='word_1_89' title='bbox 2816 1155 2896 1218; x_wconf 88' lang='lat'>17</span> <span class='ocrx_word' id='word_1_90' title='bbox 2906 1154 3009 1218; x_wconf 87' lang='lat'>77.</span> 
     </span>
    </p>

    <p class='ocr_par' dir='ltr' id='par_1_4' title="bbox 345 1250 3014 2003">
     <span class='ocr_line' id='line_1_10' title="bbox 527 1250 3014 1337; baseline 0 -24"><span class='ocrx_word' id='word_1_91' title='bbox 527 1251 583 1314; x_wconf 89' lang='lat'>7.</span> <span class='ocrx_word' id='word_1_92' title='bbox 634 1250 919 1315; x_wconf 76' lang='lat' dir='ltr'>Jocmnes</span> <span class='ocrx_word' id='word_1_93' title='bbox 967 1252 1344 1317; x_wconf 77' lang='lat' dir='ltr'>Fridericus</span> <span class='ocrx_word' id='word_1_94' title='bbox 1386 1254 1654 1337; x_wconf 78' lang='lat' dir='ltr'>Schulte,</span> <span class='ocrx_word' id='word_1_95' title='bbox 1698 1253 1865 1337; x_wconf 85' lang='lat' dir='ltr'>juris</span> <span class='ocrx_word' id='word_1_96' title='bbox 1897 1252 2190 1317; x_wconf 89' lang='lat' dir='ltr'>canonici</span> <span class='ocrx_word' id='word_1_97' title='bbox 2224 1256 2293 1317; x_wconf 90' lang='lat' dir='ltr'>et</span> <span class='ocrx_word' id='word_1_98' title='bbox 2336 1251 2696 1334; x_wconf 80' lang='lat' dir='ltr'>germanici</span> <span class='ocrx_word' id='word_1_99' title='bbox 2742 1251 2900 1316; x_wconf 87' lang='lat' dir='ltr'>olim</span> <span class='ocrx_word' id='word_1_100' title='bbox 2945 1251 3014 1314; x_wconf 94' lang='lat' dir='ltr'>in</span> 
     </span>
     <span class='ocr_line' id='line_1_11' title="bbox 345 1346 3014 1433; baseline 0.001 -24"><span class='ocrx_word' id='word_1_101' title='bbox 345 1346 684 1428; x_wconf 90' lang='lat' dir='ltr'>Pragensi,</span> <span class='ocrx_word' id='word_1_102' title='bbox 735 1370 905 1413; x_wconf 92' lang='lat' dir='ltr'>nunc</span> <span class='ocrx_word' id='word_1_103' title='bbox 951 1350 1019 1414; x_wconf 91' lang='lat' dir='ltr'>in</span> <span class='ocrx_word' id='word_1_104' title='bbox 1059 1351 1391 1415; x_wconf 86' lang='lat' dir='ltr'>Bonnensi</span> <span class='ocrx_word' id='word_1_105' title='bbox 1436 1350 1889 1416; x_wconf 90' lang='lat' dir='ltr'>Universitate</span> <span class='ocrx_word' id='word_1_106' title='bbox 1930 1350 2264 1433; x_wconf 85' lang='lat' dir='ltr'>professor</span> <span class='ocrx_word' id='word_1_107' title='bbox 2285 1348 2329 1428; x_wconf 84' lang='lat'>⁵,</span> <span class='ocrx_word' id='word_1_108' title='bbox 2380 1350 2489 1431; x_wconf 92' lang='lat' dir='ltr'>qui</span> <span class='ocrx_word' id='word_1_109' title='bbox 2535 1350 2657 1414; x_wconf 93' lang='lat' dir='ltr'>hoc</span> <span class='ocrx_word' id='word_1_110' title='bbox 2704 1351 3014 1431; x_wconf 90' lang='lat' dir='ltr'>respectu</span> 
     </span>
     <span class='ocr_line' id='line_1_12' title="bbox 348 1446 3012 1530; baseline 0.002 -24"><span class='ocrx_word' id='word_1_111' title='bbox 348 1464 493 1507; x_wconf 92' lang='lat' dir='ltr'>cum</span> <span class='ocrx_word' id='word_1_112' title='bbox 541 1446 943 1528; x_wconf 90' lang='lat' dir='ltr'>amplissima</span> <span class='ocrx_word' id='word_1_113' title='bbox 991 1448 1356 1514; x_wconf 88' lang='lat' dir='ltr'>eruditione</span> <span class='ocrx_word' id='word_1_114' title='bbox 1404 1449 1644 1514; x_wconf 90' lang='lat' dir='ltr'>multos</span> <span class='ocrx_word' id='word_1_115' title='bbox 1691 1448 1892 1512; x_wconf 90' lang='lat' dir='ltr'>libros</span> <span class='ocrx_word' id='word_1_116' title='bbox 1940 1451 2008 1513; x_wconf 93' lang='lat' dir='ltr'>et</span> <span class='ocrx_word' id='word_1_117' title='bbox 2053 1447 2366 1530; x_wconf 88' lang='lat' dir='ltr'>plurimos</span> <span class='ocrx_word' id='word_1_118' title='bbox 2407 1451 2737 1513; x_wconf 89' lang='lat' dir='ltr'>tractatus</span> <span class='ocrx_word' id='word_1_119' title='bbox 2785 1446 3012 1527; x_wconf 90' lang='lat' dir='ltr'>singu-</span> 
     </span>
     <span class='ocr_line' id='line_1_13' title="bbox 346 1542 3011 1629; baseline 0.002 -25"><span class='ocrx_word' id='word_1_120' title='bbox 346 1542 520 1606; x_wconf 89' lang='lat' dir='ltr'>lares</span> <span class='ocrx_word' id='word_1_121' title='bbox 567 1543 978 1611; x_wconf 88' lang='lat' dir='ltr'>elucubravit</span> <span class='ocrx_word' id='word_1_122' title='bbox 1000 1542 1042 1611; x_wconf 70' lang='grc'>6.</span> <span class='ocrx_word' id='word_1_123' title='bbox 1137 1546 1214 1610; x_wconf 90' lang='grc' dir='ltr'>Ι11</span> <span class='ocrx_word' id='word_1_124' title='bbox 1262 1567 1535 1627; x_wconf 90' lang='lat' dir='ltr'>quorum</span> <span class='ocrx_word' id='word_1_125' title='bbox 1581 1550 1804 1611; x_wconf 91' lang='lat' dir='ltr'>tamen</span> <span class='ocrx_word' id='word_1_126' title='bbox 1856 1566 2125 1629; x_wconf 92' lang='lat' dir='ltr'>operum</span> <span class='ocrx_word' id='word_1_127' title='bbox 2145 1595 2159 1622; x_wconf 92' lang='lat'>‚</span> <span class='ocrx_word' id='word_1_128' title='bbox 2208 1544 2360 1609; x_wconf 92' lang='lat' dir='ltr'>inde</span> <span class='ocrx_word' id='word_1_129' title='bbox 2407 1546 2488 1609; x_wconf 88' lang='lat' dir='ltr'>ab</span> <span class='ocrx_word' id='word_1_130' title='bbox 2538 1566 2595 1610; x_wconf 91' lang='lat' dir='ltr'>a.</span> <span class='ocrx_word' id='word_1_131' title='bbox 2653 1546 2823 1609; x_wconf 93' lang='grc'>1870</span> <span class='ocrx_word' id='word_1_132' title='bbox 2874 1543 3011 1608; x_wconf 88' lang='lat' dir='ltr'>edi-</span> 
     </span>
     <span class='ocr_line' id='line_1_14' title="bbox 346 1641 3012 1726; baseline 0.002 -25"><span class='ocrx_word' id='word_1_133' title='bbox 346 1641 584 1718; x_wconf 91' lang='lat' dir='ltr'>torum,</span> <span class='ocrx_word' id='word_1_134' title='bbox 635 1663 755 1705; x_wconf 91' lang='lat' dir='ltr'>usu</span> <span class='ocrx_word' id='word_1_135' title='bbox 801 1647 1074 1726; x_wconf 91' lang='lat' dir='ltr'>propter</span> <span class='ocrx_word' id='word_1_136' title='bbox 1119 1665 1452 1708; x_wconf 91' lang='lat' dir='ltr'>enormem</span> <span class='ocrx_word' id='word_1_137' title='bbox 1475 1695 1489 1721; x_wconf 97' lang='lat'>,</span> <span class='ocrx_word' id='word_1_138' title='bbox 1554 1665 1752 1725; x_wconf 90' lang='lat' dir='ltr'>quam</span> <span class='ocrx_word' id='word_1_139' title='bbox 1797 1644 1902 1709; x_wconf 92' lang='lat' dir='ltr'>hic</span> <span class='ocrx_word' id='word_1_140' title='bbox 1949 1648 2179 1709; x_wconf 88' lang='lat' dir='ltr'>auctor</span> <span class='ocrx_word' id='word_1_141' title='bbox 2226 1644 2375 1708; x_wconf 92' lang='lat' dir='ltr'>inde</span> <span class='ocrx_word' id='word_1_142' title='bbox 2423 1645 2505 1709; x_wconf 90' lang='lat' dir='ltr'>ab</span> <span class='ocrx_word' id='word_1_143' title='bbox 2553 1643 2664 1708; x_wconf 92' lang='lat' dir='ltr'>illo</span> <span class='ocrx_word' id='word_1_144' title='bbox 2711 1647 3012 1726; x_wconf 89' lang='lat' dir='ltr'>tempore</span> 
     </span>
     <span class='ocr_line' id='line_1_15' title="bbox 345 1737 3013 1826; baseline 0.001 -26"><span class='ocrx_word' id='word_1_145' title='bbox 345 1737 563 1816; x_wconf 87' lang='lat' dir='ltr'>subiit,</span> <span class='ocrx_word' id='word_1_146' title='bbox 612 1737 901 1821; x_wconf 90' lang='lat' dir='ltr'>ipsorum</span> <span class='ocrx_word' id='word_1_147' title='bbox 940 1741 1106 1823; x_wconf 85' lang='lat' dir='ltr'>juris</span> <span class='ocrx_word' id='word_1_148' title='bbox 1154 1742 1446 1807; x_wconf 90' lang='lat' dir='ltr'>canonici</span> <span class='ocrx_word' id='word_1_149' title='bbox 1491 1742 1957 1826; x_wconf 89' lang='lat' dir='ltr'>principiorum</span> <span class='ocrx_word' id='word_1_150' title='bbox 1989 1741 2502 1806; x_wconf 87' lang='lat' dir='ltr'>vicissitudinem</span> <span class='ocrx_word' id='word_1_151' title='bbox 2526 1740 2569 1819; x_wconf 88' lang='lat'>⁷,</span> <span class='ocrx_word' id='word_1_152' title='bbox 2617 1740 3013 1824; x_wconf 86' lang='lat' dir='ltr'>praesertim</span> 
     </span>
     <span class='ocr_line' id='line_1_16' title="bbox 346 1835 3011 1923; baseline 0.002 -24"><span class='ocrx_word' id='word_1_153' title='bbox 346 1835 468 1913; x_wconf 89' lang='lat' dir='ltr'>illi,</span> <span class='ocrx_word' id='word_1_154' title='bbox 538 1837 647 1918; x_wconf 93' lang='lat' dir='ltr'>qui</span> <span class='ocrx_word' id='word_1_155' title='bbox 694 1839 981 1903; x_wconf 89' lang='lat' dir='ltr'>studium</span> <span class='ocrx_word' id='word_1_156' title='bbox 1020 1839 1188 1923; x_wconf 86' lang='lat' dir='ltr'>juris</span> <span class='ocrx_word' id='word_1_157' title='bbox 1234 1839 1527 1905; x_wconf 92' lang='lat' dir='ltr'>canonici</span> <span class='ocrx_word' id='word_1_158' title='bbox 1576 1840 1834 1905; x_wconf 91' lang='lat' dir='ltr'>demum</span> <span class='ocrx_word' id='word_1_159' title='bbox 1882 1839 2337 1922; x_wconf 88' lang='lat' dir='ltr'>auspicantur,</span> <span class='ocrx_word' id='word_1_160' title='bbox 2388 1860 2709 1904; x_wconf 89' lang='lat' dir='ltr'>summam</span> <span class='ocrx_word' id='word_1_161' title='bbox 2758 1838 3011 1903; x_wconf 90' lang='lat' dir='ltr'>cautio-</span> 
     </span>
     <span class='ocr_line' id='line_1_17' title="bbox 349 1934 1158 2003; baseline 0.009 -7"><span class='ocrx_word' id='word_1_162' title='bbox 349 1955 498 1997; x_wconf 88' lang='lat' dir='ltr'>nem</span> <span class='ocrx_word' id='word_1_163' title='bbox 546 1934 854 1999; x_wconf 86' lang='lat' dir='ltr'>adhibere</span> <span class='ocrx_word' id='word_1_164' title='bbox 902 1936 1158 2003; x_wconf 91' lang='lat' dir='ltr'>debent.</span> 
     </span>
    </p>
   </div>
   <div class='ocr_carea' id='block_1_3' title="bbox 912 2143 2448 2229">
    <p class='ocr_par' dir='ltr' id='par_1_5' title="bbox 912 2143 2448 2229">
     <span class='ocr_line' id='line_1_18' title="bbox 912 2143 2448 2229; baseline -0.001 -17"><span class='ocrx_word' id='word_1_165' title='bbox 912 2145 950 2229; x_wconf 74' lang='lat'>§</span> <span class='ocrx_word' id='word_1_166' title='bbox 999 2143 1106 2212; x_wconf 89' lang='grc'>46.</span> <span class='ocrx_word' id='word_1_167' title='bbox 1200 2146 1416 2213; x_wconf 85' lang='lat' dir='ltr'>Novae</span> <span class='ocrx_word' id='word_1_168' title='bbox 1467 2147 1742 2214; x_wconf 83' lang='lat' dir='ltr'>criticae</span> <span class='ocrx_word' id='word_1_169' title='bbox 1792 2146 2114 2213; x_wconf 86' lang='lat' dir='ltr'>editiones</span> <span class='ocrx_word' id='word_1_170' title='bbox 2162 2147 2448 2214; x_wconf 85' lang='lat' dir='ltr'>Decreti.</span> 
     </span>
    </p>
   </div>
   <div class='ocr_carea' id='block_1_4' title="bbox 345 2313 3012 3182">
    <p class='ocr_par' dir='ltr' id='par_1_6' title="bbox 348 2313 3012 2594">
     <span class='ocr_line' id='line_1_19' title="bbox 523 2313 3012 2399; baseline 0 -22"><span class='ocrx_word' id='word_1_171' title='bbox 523 2314 695 2378; x_wconf 93' lang='lat' dir='ltr'>Dum</span> <span class='ocrx_word' id='word_1_172' title='bbox 744 2314 1123 2397; x_wconf 86' lang='lat' dir='ltr'>canonistae</span> <span class='ocrx_word' id='word_1_173' title='bbox 1170 2337 1370 2399; x_wconf 89' lang='lat' dir='ltr'>supra</span> <span class='ocrx_word' id='word_1_174' title='bbox 1416 2316 1734 2382; x_wconf 90' lang='lat' dir='ltr'>nominati</span> <span class='ocrx_word' id='word_1_175' title='bbox 1783 2317 1862 2381; x_wconf 93' lang='lat' dir='ltr'>de</span> <span class='ocrx_word' id='word_1_176' title='bbox 1911 2315 2366 2381; x_wconf 90' lang='lat' dir='ltr'>emendatione</span> <span class='ocrx_word' id='word_1_177' title='bbox 2406 2314 2674 2380; x_wconf 88' lang='lat' dir='ltr'>Decreti</span> <span class='ocrx_word' id='word_1_178' title='bbox 2709 2313 3012 2380; x_wconf 82' lang='lat' dir='ltr'>Gratiani</span> 
     </span>
     <span class='ocr_line' id='line_1_20' title="bbox 348 2411 3012 2497; baseline 0 -22"><span class='ocrx_word' id='word_1_179' title='bbox 348 2411 620 2476; x_wconf 91' lang='lat' dir='ltr'>eruditis</span> <span class='ocrx_word' id='word_1_180' title='bbox 683 2412 1240 2493; x_wconf 90' lang='lat' dir='ltr'>disquisitionibus</span> <span class='ocrx_word' id='word_1_181' title='bbox 1300 2419 1714 2497; x_wconf 88' lang='lat' dir='ltr'>meruerunt,</span> <span class='ocrx_word' id='word_1_182' title='bbox 1779 2415 1890 2479; x_wconf 90' lang='lat' dir='ltr'>alii</span> <span class='ocrx_word' id='word_1_183' title='bbox 1949 2414 2071 2479; x_wconf 93' lang='lat' dir='ltr'>hoc</span> <span class='ocrx_word' id='word_1_184' title='bbox 2126 2418 2429 2497; x_wconf 90' lang='lat' dir='ltr'>respectu</span> <span class='ocrx_word' id='word_1_185' title='bbox 2489 2434 2697 2477; x_wconf 89' lang='lat' dir='ltr'>novas</span> <span class='ocrx_word' id='word_1_186' title='bbox 2745 2411 3012 2477; x_wconf 89' lang='lat' dir='ltr'>criticas</span> 
     </span>
     <span class='ocr_line' id='line_1_21' title="bbox 351 2508 2411 2594; baseline 0.002 -22"><span class='ocrx_word' id='word_1_187' title='bbox 351 2508 672 2573; x_wconf 87' lang='lat' dir='ltr'>editiones</span> <span class='ocrx_word' id='word_1_188' title='bbox 720 2510 1007 2592; x_wconf 89' lang='lat' dir='ltr'>ejusdem</span> <span class='ocrx_word' id='word_1_189' title='bbox 1054 2511 1321 2575; x_wconf 90' lang='lat' dir='ltr'>Decreti</span> <span class='ocrx_word' id='word_1_190' title='bbox 1366 2513 1658 2594; x_wconf 90' lang='lat' dir='ltr'>parando</span> <span class='ocrx_word' id='word_1_191' title='bbox 1706 2533 1961 2577; x_wconf 90' lang='lat' dir='ltr'>merere</span> <span class='ocrx_word' id='word_1_192' title='bbox 2008 2515 2411 2594; x_wconf 84' lang='lat' dir='ltr'>sategerunt.</span> 
     </span>
    </p>

    <p class='ocr_par' dir='ltr' id='par_1_7' title="bbox 438 2607 1058 2696">
     <span class='ocr_line' id='line_1_22' title="bbox 438 2607 1058 2696; baseline 0.005 -25"><span class='ocrx_word' id='word_1_193' title='bbox 438 2689 445 2696; x_wconf 19' lang='grc' dir='ltr'>ὗ</span> <span class='ocrx_word' id='word_1_194' title='bbox 530 2607 676 2672; x_wconf 91' lang='lat' dir='ltr'>Huc</span> <span class='ocrx_word' id='word_1_195' title='bbox 722 2607 1058 2690; x_wconf 87' lang='lat' dir='ltr'>pertinent</span> 
     </span>
    </p>

    <p class='ocr_par' dir='ltr' id='par_1_8' title="bbox 345 2706 3010 3182">
     <span class='ocr_line' id='line_1_23' title="bbox 534 2706 3010 2791; baseline 0 -22"><span class='ocrx_word' id='word_1_196' title='bbox 534 2707 589 2770; x_wconf 93' lang='lat'>1.</span> <span class='ocrx_word' id='word_1_197' title='bbox 639 2706 870 2770; x_wconf 76' lang='lat' dir='ltr'>Petrus</span> <span class='ocrx_word' id='word_1_198' title='bbox 918 2709 986 2771; x_wconf 90' lang='lat' dir='ltr'>et</span> <span class='ocrx_word' id='word_1_199' title='bbox 1030 2707 1437 2791; x_wconf 76' lang='lat' dir='ltr'>FranciscuS,</span> <span class='ocrx_word' id='word_1_200' title='bbox 1488 2708 1731 2789; x_wconf 88' lang='lat' dir='ltr'>gemini</span> <span class='ocrx_word' id='word_1_201' title='bbox 1777 2708 2021 2774; x_wconf 87' lang='lat' dir='ltr'>fratres</span> <span class='ocrx_word' id='word_1_202' title='bbox 2067 2710 2311 2773; x_wconf 62' lang='lat' dir='ltr'>Pithoez·</span> <span class='ocrx_word' id='word_1_203' title='bbox 2360 2707 2650 2787; x_wconf 66' lang='lat' dir='ltr'>(Pithon)</span> <span class='ocrx_word' id='word_1_204' title='bbox 2669 2759 2688 2790; x_wconf 83' lang='lat'>,</span> <span class='ocrx_word' id='word_1_205' title='bbox 2738 2706 3010 2771; x_wconf 89' lang='lat' dir='ltr'>natione</span> 
     </span>
     <span class='ocr_line' id='line_1_24' title="bbox 351 2800 3009 2888; baseline 0 -21"><span class='ocrx_word' id='word_1_206' title='bbox 351 2802 522 2867; x_wconf 82' lang='lat' dir='ltr'>Galli</span> <span class='ocrx_word' id='word_1_207' title='bbox 547 2800 592 2881; x_wconf 78' lang='lat'>⁸,</span> <span class='ocrx_word' id='word_1_208' title='bbox 660 2803 770 2886; x_wconf 94' lang='lat' dir='ltr'>qui</span> <span class='ocrx_word' id='word_1_209' title='bbox 817 2807 1076 2869; x_wconf 88' lang='lat' dir='ltr'>textum</span> <span class='ocrx_word' id='word_1_210' title='bbox 1124 2805 1391 2870; x_wconf 91' lang='lat' dir='ltr'>Decreti</span> <span class='ocrx_word' id='word_1_211' title='bbox 1438 2806 1732 2883; x_wconf 89' lang='lat' dir='ltr'>eruditis,</span> <span class='ocrx_word' id='word_1_212' title='bbox 1783 2806 2006 2888; x_wconf 92' lang='lat' dir='ltr'>utique</span> <span class='ocrx_word' id='word_1_213' title='bbox 2055 2809 2275 2871; x_wconf 90' lang='lat' dir='ltr'>autem</span> <span class='ocrx_word' id='word_1_214' title='bbox 2323 2826 2520 2888; x_wconf 90' lang='lat' dir='ltr'>saepe</span> <span class='ocrx_word' id='word_1_215' title='bbox 2567 2804 2768 2870; x_wconf 90' lang='lat' dir='ltr'>etiam</span> <span class='ocrx_word' id='word_1_216' title='bbox 2817 2803 3009 2885; x_wconf 83' lang='lat' dir='ltr'>galli-</span> 
     </span>
     <span class='ocr_line' id='line_1_25' title="bbox 346 2900 3009 2984; baseline 0 -19"><span class='ocrx_word' id='word_1_217' title='bbox 346 2901 636 2966; x_wconf 88' lang='lat' dir='ltr'>canismo</span> <span class='ocrx_word' id='word_1_218' title='bbox 685 2900 1054 2984; x_wconf 91' lang='lat' dir='ltr'>conspersis</span> <span class='ocrx_word' id='word_1_219' title='bbox 1076 2953 1090 2979; x_wconf 97' lang='lat'>,</span> <span class='ocrx_word' id='word_1_220' title='bbox 1157 2903 1603 2968; x_wconf 89' lang='lat' dir='ltr'>notationibus</span> <span class='ocrx_word' id='word_1_221' title='bbox 1649 2905 2105 2969; x_wconf 83' lang='lat' dir='ltr'>instruxerunt</span> <span class='ocrx_word' id='word_1_222' title='bbox 2140 2901 2184 2969; x_wconf 83' lang='lat'>⁹.</span> <span class='ocrx_word' id='word_1_223' title='bbox 2279 2903 2482 2980; x_wconf 85' lang='lat' dir='ltr'>Quem</span> <span class='ocrx_word' id='word_1_224' title='bbox 2547 2906 2811 2968; x_wconf 84' lang='lat' dir='ltr'>textum</span> <span class='ocrx_word' id='word_1_225' title='bbox 2876 2902 3009 2966; x_wconf 91' lang='lat' dir='ltr'>De-</span> 
     </span>
     <span class='ocr_line' id='line_1_26' title="bbox 346 2999 3009 3085; baseline 0 -22"><span class='ocrx_word' id='word_1_226' title='bbox 346 2999 532 3077; x_wconf 90' lang='lat' dir='ltr'>creti,</span> <span class='ocrx_word' id='word_1_227' title='bbox 583 3000 663 3064; x_wconf 91' lang='lat' dir='ltr'>ab</span> <span class='ocrx_word' id='word_1_228' title='bbox 711 2999 790 3063; x_wconf 90' lang='lat' dir='ltr'>iis</span> <span class='ocrx_word' id='word_1_229' title='bbox 838 3000 1228 3065; x_wconf 90' lang='lat' dir='ltr'>adornatum</span> <span class='ocrx_word' id='word_1_230' title='bbox 1251 3052 1265 3078; x_wconf 97' lang='lat'>,</span> <span class='ocrx_word' id='word_1_231' title='bbox 1327 3002 1639 3066; x_wconf 74' lang='lat' dir='ltr'>Claudius</span> <span class='ocrx_word' id='word_1_232' title='bbox 1687 3004 1741 3065; x_wconf 81' lang='lat' dir='ltr'>Ze</span> <span class='ocrx_word' id='word_1_233' title='bbox 1786 3002 2053 3066; x_wconf 75' lang='lat' dir='ltr'>Peletier</span> <span class='ocrx_word' id='word_1_234' title='bbox 2066 3054 2085 3085; x_wconf 82' lang='grc'>,</span> <span class='ocrx_word' id='word_1_235' title='bbox 2143 3001 2555 3083; x_wconf 89' lang='lat' dir='ltr'>negotiorum</span> <span class='ocrx_word' id='word_1_236' title='bbox 2601 2999 3009 3083; x_wconf 91' lang='lat' dir='ltr'>publicorum</span> 
     </span>
     <span class='ocr_line' id='line_1_27' title="bbox 345 3093 3009 3182; baseline 0.002 -21"><span class='ocrx_word' id='word_1_237' title='bbox 345 3096 534 3178; x_wconf 89' lang='lat' dir='ltr'>regni</span> <span class='ocrx_word' id='word_1_238' title='bbox 569 3097 818 3162; x_wconf 81' lang='lat' dir='ltr'>Galliae</span> <span class='ocrx_word' id='word_1_239' title='bbox 852 3097 1236 3163; x_wconf 88' lang='lat' dir='ltr'>administer</span> <span class='ocrx_word' id='word_1_240' title='bbox 1269 3098 1337 3180; x_wconf 81' lang='lat'>(†</span> <span class='ocrx_word' id='word_1_241' title='bbox 1375 3099 1571 3181; x_wconf 91' lang='lat'><strong>1711)</strong></span> <span class='ocrx_word' id='word_1_242' title='bbox 1597 3096 1668 3177; x_wconf 79' lang='lat'>¹⁰,</span> <span class='ocrx_word' id='word_1_243' title='bbox 1704 3098 1880 3182; x_wconf 90' lang='lat' dir='ltr'>typis</span> <span class='ocrx_word' id='word_1_244' title='bbox 1912 3098 2193 3182; x_wconf 90' lang='lat' dir='ltr'>imprimi</span> <span class='ocrx_word' id='word_1_245' title='bbox 2227 3104 2294 3165; x_wconf 93' lang='lat' dir='ltr'>et</span> <span class='ocrx_word' id='word_1_246' title='bbox 2326 3098 2625 3180; x_wconf 86' lang='lat' dir='ltr'>evulgari</span> <span class='ocrx_word' id='word_1_247' title='bbox 2656 3096 2915 3163; x_wconf 88' lang='lat' dir='ltr'>curavit</span> <span class='ocrx_word' id='word_1_248' title='bbox 2935 3093 3009 3166; x_wconf 84' lang='lat'>¹¹.</span> 
     </span>
    </p>
   </div>
   <div class='ocr_carea' id='block_1_5' title="bbox 354 3212 792 3220">
    <p class='ocr_par' dir='ltr' id='par_1_9' title="bbox 354 3212 792 3220">
     <span class='ocr_line' id='line_1_28' title="bbox 354 3212 792 3220; baseline 0 0"><span class='ocrx_word' id='word_1_249' title='bbox 354 3212 792 3220; x_wconf 95' lang='lat' dir='ltr'> </span> 
     </span>
    </p>
   </div>
   <div class='ocr_carea' id='block_1_6' title="bbox 348 3260 3014 3815">
    <p class='ocr_par' dir='ltr' id='par_1_10' title="bbox 530 3260 1556 3333">
     <span class='ocr_line' id='line_1_29' title="bbox 530 3260 1556 3333; baseline 0.001 -17"><span class='ocrx_word' id='word_1_250' title='bbox 530 3266 545 3296; x_wconf 91' lang='lat'><strong>¹</strong></span> <span class='ocrx_word' id='word_1_251' title='bbox 591 3260 739 3326; x_wconf 83' lang='lat' dir='ltr'>Quae</span> <span class='ocrx_word' id='word_1_252' title='bbox 775 3264 975 3333; x_wconf 89' lang='lat' dir='ltr'>prodiit</span> <span class='ocrx_word' id='word_1_253' title='bbox 1011 3263 1360 3318; x_wconf 88' lang='lat' dir='ltr'>Vindobonae</span> <span class='ocrx_word' id='word_1_254' title='bbox 1404 3265 1556 3318; x_wconf 89' lang='lat'><strong>1760.</strong></span> 
     </span>
    </p>

    <p class='ocr_par' dir='ltr' id='par_1_11' title="bbox 528 3343 2538 3412">
     <span class='ocr_line' id='line_1_30' title="bbox 528 3343 2538 3412; baseline 0 -17"><span class='ocrx_word' id='word_1_255' title='bbox 528 3344 547 3377; x_wconf 85' lang='lat'><strong>²</strong></span> <span class='ocrx_word' id='word_1_256' title='bbox 587 3345 815 3412; x_wconf 59' lang='lat' dir='ltr'>Selium,</span> <span class='ocrx_word' id='word_1_257' title='bbox 854 3343 953 3396; x_wconf 91' lang='lat' dir='ltr'>Die</span> <span class='ocrx_word' id='word_1_258' title='bbox 993 3343 1318 3398; x_wconf 86' lang='lat' dir='ltr'>Geschichte</span> <span class='ocrx_word' id='word_1_259' title='bbox 1357 3345 1452 3398; x_wconf 92' lang='lat' dir='ltr'>der</span> <span class='ocrx_word' id='word_1_260' title='bbox 1492 3343 1735 3410; x_wconf 88' lang='lat' dir='ltr'>Quellen,</span> <span class='ocrx_word' id='word_1_261' title='bbox 1773 3347 1903 3397; x_wconf 91' lang='lat' dir='ltr'>tom.</span> <span class='ocrx_word' id='word_1_262' title='bbox 1942 3344 2036 3397; x_wconf 85' lang='lat'>111.</span> <span class='ocrx_word' id='word_1_263' title='bbox 2077 3361 2127 3412; x_wconf 90' lang='lat' dir='ltr'>p.</span> <span class='ocrx_word' id='word_1_264' title='bbox 2172 3344 2217 3396; x_wconf 92' lang='lat'>1.</span> <span class='ocrx_word' id='word_1_265' title='bbox 2258 3344 2379 3396; x_wconf 86' lang='lat'>261.</span> <span class='ocrx_word' id='word_1_266' title='bbox 2420 3360 2538 3411; x_wconf 88' lang='lat' dir='ltr'>sqq.</span> 
     </span>
    </p>

    <p class='ocr_par' dir='ltr' id='par_1_12' title="bbox 527 3422 2808 3488">
     <span class='ocr_line' id='line_1_31' title="bbox 527 3422 2808 3488; baseline 0 -13"><span class='ocrx_word' id='word_1_267' title='bbox 527 3425 547 3458; x_wconf 78' lang='lat'><strong>3</strong></span> <span class='ocrx_word' id='word_1_268' title='bbox 584 3424 647 3476; x_wconf 95' lang='lat' dir='ltr'>In</span> <span class='ocrx_word' id='word_1_269' title='bbox 684 3424 799 3477; x_wconf 89' lang='lat' dir='ltr'>suis</span> <span class='ocrx_word' id='word_1_270' title='bbox 842 3423 1301 3488; x_wconf 85' lang='lat' dir='ltr'>„Oblectamentis</span> <span class='ocrx_word' id='word_1_271' title='bbox 1339 3424 1614 3478; x_wconf 88' lang='lat' dir='ltr'>Historiae</span> <span class='ocrx_word' id='word_1_272' title='bbox 1653 3427 1711 3478; x_wconf 92' lang='lat' dir='ltr'>et</span> <span class='ocrx_word' id='word_1_273' title='bbox 1749 3424 1784 3477; x_wconf 89' lang='lat' dir='ltr'><strong>J</strong></span> <span class='ocrx_word' id='word_1_274' title='bbox 1786 3424 1899 3478; x_wconf 91' lang='lat' dir='ltr'>uris</span> <span class='ocrx_word' id='word_1_275' title='bbox 1939 3422 2350 3477; x_wconf 87' lang='lat' dir='ltr'>ecclesiastici“.</span> <span class='ocrx_word' id='word_1_276' title='bbox 2416 3424 2609 3477; x_wconf 90' lang='lat' dir='ltr'>Ulmae</span> <span class='ocrx_word' id='word_1_277' title='bbox 2652 3423 2808 3477; x_wconf 92' lang='lat'>1776.</span> 
     </span>
    </p>

    <p class='ocr_par' dir='ltr' id='par_1_13' title="bbox 348 3502 3014 3652">
     <span class='ocr_line' id='line_1_32' title="bbox 525 3502 3014 3573; baseline -0 -17"><span class='ocrx_word' id='word_1_278' title='bbox 525 3505 549 3538; x_wconf 70' lang='lat'>4</span> <span class='ocrx_word' id='word_1_279' title='bbox 585 3503 911 3573; x_wconf 86' lang='lat' dir='ltr'>Biographie</span> <span class='ocrx_word' id='word_1_280' title='bbox 961 3504 1305 3558; x_wconf 88' lang='lat' dir='ltr'>universelle.</span> <span class='ocrx_word' id='word_1_281' title='bbox 1382 3505 1669 3558; x_wconf 83' lang='lat' dir='ltr'>Bruxelles</span> <span class='ocrx_word' id='word_1_282' title='bbox 1711 3504 1849 3558; x_wconf 88' lang='lat'><strong>1854</strong></span> <span class='ocrx_word' id='word_1_283' title='bbox 1887 3522 1987 3568; x_wconf 87' lang='lat' dir='ltr'>ss.,</span> <span class='ocrx_word' id='word_1_284' title='bbox 2043 3506 2171 3556; x_wconf 88' lang='lat' dir='ltr'>tom.</span> <span class='ocrx_word' id='word_1_285' title='bbox 2212 3503 2409 3557; x_wconf 90' lang='lat' dir='ltr'>XXIV.</span> <span class='ocrx_word' id='word_1_286' title='bbox 2463 3522 2513 3573; x_wconf 90' lang='lat' dir='ltr'>p.</span> <span class='ocrx_word' id='word_1_287' title='bbox 2554 3503 2691 3567; x_wconf 77' lang='lat'>2343</span> <span class='ocrx_word' id='word_1_288' title='bbox 2744 3502 3014 3556; x_wconf 90' lang='lat' dir='ltr'>Nouvelle</span> 
     </span>
     <span class='ocr_line' id='line_1_33' title="bbox 348 3583 2267 3652; baseline 0 -17"><span class='ocrx_word' id='word_1_289' title='bbox 348 3583 663 3652; x_wconf 85' lang='lat' dir='ltr'>biographie</span> <span class='ocrx_word' id='word_1_290' title='bbox 701 3583 970 3651; x_wconf 74' lang='lat' dir='ltr'>generale.</span> <span class='ocrx_word' id='word_1_291' title='bbox 1028 3584 1186 3637; x_wconf 89' lang='lat' dir='ltr'>Paris</span> <span class='ocrx_word' id='word_1_292' title='bbox 1229 3586 1364 3639; x_wconf 91' lang='grc'>1859</span> <span class='ocrx_word' id='word_1_293' title='bbox 1402 3602 1494 3649; x_wconf 89' lang='lat' dir='ltr'>ss.,</span> <span class='ocrx_word' id='word_1_294' title='bbox 1531 3588 1660 3638; x_wconf 91' lang='lat' dir='ltr'>tom.</span> <span class='ocrx_word' id='word_1_295' title='bbox 1701 3584 1872 3638; x_wconf 90' lang='lat' dir='ltr'>XXX.</span> <span class='ocrx_word' id='word_1_296' title='bbox 1913 3584 2012 3644; x_wconf 87' lang='grc'>001.</span> <span class='ocrx_word' id='word_1_297' title='bbox 2053 3584 2156 3637; x_wconf 88' lang='grc'>849</span> <span class='ocrx_word' id='word_1_298' title='bbox 2196 3600 2267 3636; x_wconf 82' lang='lat' dir='ltr'>ss,</span> 
     </span>
    </p>

    <p class='ocr_par' dir='ltr' id='par_1_14' title="bbox 348 3662 3012 3815">
     <span class='ocr_line' id='line_1_34' title="bbox 529 3662 3012 3734; baseline -0 -17"><span class='ocrx_word' id='word_1_299' title='bbox 529 3667 549 3699; x_wconf 83' lang='lat'>⁵</span> <span class='ocrx_word' id='word_1_300' title='bbox 586 3663 720 3734; x_wconf 85' lang='lat' dir='ltr'>Ejus</span> <span class='ocrx_word' id='word_1_301' title='bbox 771 3665 944 3719; x_wconf 84' lang='lat' dir='ltr'>vitam</span> <span class='ocrx_word' id='word_1_302' title='bbox 964 3707 977 3730; x_wconf 93' lang='lat'>,</span> <span class='ocrx_word' id='word_1_303' title='bbox 1033 3665 1101 3718; x_wconf 89' lang='lat' dir='ltr'>ab</span> <span class='ocrx_word' id='word_1_304' title='bbox 1152 3665 1269 3734; x_wconf 90' lang='lat' dir='ltr'>ipso</span> <span class='ocrx_word' id='word_1_305' title='bbox 1319 3665 1708 3734; x_wconf 87' lang='lat' dir='ltr'>perscriptam,</span> <span class='ocrx_word' id='word_1_306' title='bbox 1769 3664 1895 3717; x_wconf 90' lang='lat' dir='ltr'>vide</span> <span class='ocrx_word' id='word_1_307' title='bbox 1946 3663 2003 3715; x_wconf 89' lang='lat' dir='ltr'>in</span> <span class='ocrx_word' id='word_1_308' title='bbox 2057 3662 2236 3732; x_wconf 84' lang='lat' dir='ltr'>ipsius</span> <span class='ocrx_word' id='word_1_309' title='bbox 2282 3663 2450 3717; x_wconf 87' lang='lat' dir='ltr'>citato</span> <span class='ocrx_word' id='word_1_310' title='bbox 2502 3680 2695 3732; x_wconf 91' lang='lat' dir='ltr'>opere:</span> <span class='ocrx_word' id='word_1_311' title='bbox 2754 3663 2855 3716; x_wconf 88' lang='lat' dir='ltr'>Die</span> <span class='ocrx_word' id='word_1_312' title='bbox 2908 3662 3012 3716; x_wconf 82' lang='lat' dir='ltr'>Ge—</span> 
     </span>
     <span class='ocr_line' id='line_1_35' title="bbox 348 3743 2001 3815; baseline -0.001 -18"><span class='ocrx_word' id='word_1_313' title='bbox 348 3743 593 3797; x_wconf 86' lang='lat' dir='ltr'>schichte</span> <span class='ocrx_word' id='word_1_314' title='bbox 641 3745 735 3798; x_wconf 89' lang='lat' dir='ltr'>der</span> <span class='ocrx_word' id='word_1_315' title='bbox 775 3745 1019 3814; x_wconf 89' lang='lat' dir='ltr'>Quellen,</span> <span class='ocrx_word' id='word_1_316' title='bbox 1056 3748 1186 3799; x_wconf 92' lang='lat' dir='ltr'>tom.</span> <span class='ocrx_word' id='word_1_317' title='bbox 1226 3745 1320 3798; x_wconf 92' lang='lat' dir='ltr'>III.</span> <span class='ocrx_word' id='word_1_318' title='bbox 1360 3748 1499 3815; x_wconf 89' lang='lat' dir='ltr'>part.</span> <span class='ocrx_word' id='word_1_319' title='bbox 1544 3746 1588 3797; x_wconf 93' lang='grc'>1.</span> <span class='ocrx_word' id='word_1_320' title='bbox 1628 3763 1680 3814; x_wconf 89' lang='lat' dir='ltr'>p.</span> <span class='ocrx_word' id='word_1_321' title='bbox 1719 3744 1841 3797; x_wconf 87' lang='lat'>435.</span> <span class='ocrx_word' id='word_1_322' title='bbox 1882 3761 2001 3812; x_wconf 91' lang='lat' dir='ltr'>sqq.</span> 
     </span>
    </p>
   </div>
   <div class='ocr_carea' id='block_1_7' title="bbox 529 3823 3015 3972">
    <p class='ocr_par' dir='ltr' id='par_1_15' title="bbox 529 3823 3015 3972">
     <span class='ocr_line' id='line_1_36' title="bbox 529 3823 1837 3895; baseline 0 -18"><span class='ocrx_word' id='word_1_323' title='bbox 529 3825 549 3859; x_wconf 68' lang='grc' dir='ltr'><strong>ὅ</strong></span> <span class='ocrx_word' id='word_1_324' title='bbox 588 3823 733 3889; x_wconf 89' lang='lat' dir='ltr'>Quos</span> <span class='ocrx_word' id='word_1_325' title='bbox 769 3825 886 3894; x_wconf 89' lang='lat' dir='ltr'>ipse</span> <span class='ocrx_word' id='word_1_326' title='bbox 923 3824 1265 3879; x_wconf 89' lang='lat' dir='ltr'>enumeravit</span> <span class='ocrx_word' id='word_1_327' title='bbox 1301 3825 1337 3878; x_wconf 94' lang='lat' dir='ltr'>l.</span> <span class='ocrx_word' id='word_1_328' title='bbox 1378 3844 1422 3879; x_wconf 91' lang='grc'>0.</span> <span class='ocrx_word' id='word_1_329' title='bbox 1462 3844 1513 3895; x_wconf 91' lang='lat' dir='ltr'>p.</span> <span class='ocrx_word' id='word_1_330' title='bbox 1553 3825 1675 3878; x_wconf 81' lang='lat'>436.</span> <span class='ocrx_word' id='word_1_331' title='bbox 1717 3840 1837 3892; x_wconf 89' lang='lat' dir='ltr'>sqq.</span> 
     </span>
     <span class='ocr_line' id='line_1_37' title="bbox 531 3901 3015 3972; baseline -0 -15"><span class='ocrx_word' id='word_1_332' title='bbox 531 3906 550 3939; x_wconf 83' lang='lat'>&#39;¹</span> <span class='ocrx_word' id='word_1_333' title='bbox 590 3903 699 3957; x_wconf 85' lang='lat' dir='ltr'>cfr.</span> <span class='ocrx_word' id='word_1_334' title='bbox 752 3904 1143 3959; x_wconf 82' lang='lat' dir='ltr'>Literarischer</span> <span class='ocrx_word' id='word_1_335' title='bbox 1192 3905 1547 3959; x_wconf 86' lang='lat' dir='ltr'>Handweiser</span> <span class='ocrx_word' id='word_1_336' title='bbox 1608 3904 1714 3972; x_wconf 89' lang='lat' dir='ltr'>(ed.</span> <span class='ocrx_word' id='word_1_337' title='bbox 1769 3905 2099 3956; x_wconf 77' lang='lat' dir='ltr'>Franciscus</span> <span class='ocrx_word' id='word_1_338' title='bbox 2150 3901 2478 3969; x_wconf 65' lang='lat' dir='ltr'>Hazskamp)</span> <span class='ocrx_word' id='word_1_339' title='bbox 2535 3919 2759 3955; x_wconf 88' lang='lat' dir='ltr'>annuar.</span> <span class='ocrx_word' id='word_1_340' title='bbox 2812 3902 3015 3957; x_wconf 90' lang='lat' dir='ltr'>XVIII.</span> 
     </span>
    </p>
   </div>
   <div class='ocr_carea' id='block_1_8' title="bbox 343 3981 3018 4213">
    <p class='ocr_par' dir='ltr' id='par_1_16' title="bbox 343 3981 3018 4213">
     <span class='ocr_line' id='line_1_38' title="bbox 354 3981 3017 4054; baseline 0 -18"><span class='ocrx_word' id='word_1_341' title='bbox 354 3984 425 4051; x_wconf 90' lang='lat' dir='ltr'>(a.</span> <span class='ocrx_word' id='word_1_342' title='bbox 466 3984 624 4051; x_wconf 90' lang='grc'>1879)</span> <span class='ocrx_word' id='word_1_343' title='bbox 667 4003 719 4039; x_wconf 92' lang='grc'>11.</span> <span class='ocrx_word' id='word_1_344' title='bbox 748 3985 868 4038; x_wconf 88' lang='grc'>275.</span> <span class='ocrx_word' id='word_1_345' title='bbox 907 3986 1006 4039; x_wconf 86' lang='grc'>001.</span> <span class='ocrx_word' id='word_1_346' title='bbox 1036 3986 1156 4040; x_wconf 87' lang='lat'>647.</span> <span class='ocrx_word' id='word_1_347' title='bbox 1184 4003 1334 4054; x_wconf 89' lang='lat' dir='ltr'>sqq.;</span> <span class='ocrx_word' id='word_1_348' title='bbox 1374 3988 1611 4052; x_wconf 69' lang='lat' dir='ltr'>Lam-in,</span> <span class='ocrx_word' id='word_1_349' title='bbox 1650 3983 1920 4037; x_wconf 86' lang='lat' dir='ltr'>Schulte’s</span> <span class='ocrx_word' id='word_1_350' title='bbox 1945 3981 2682 4036; x_wconf 86' lang='lat' dir='ltr'>Kirchenrechtswissensch.</span> <span class='ocrx_word' id='word_1_351' title='bbox 2724 3982 2869 4035; x_wconf 88' lang='lat' dir='ltr'>einst</span> <span class='ocrx_word' id='word_1_352' title='bbox 2904 3982 3017 4036; x_wconf 88' lang='lat' dir='ltr'>und</span> 
     </span>
     <span class='ocr_line' id='line_1_39' title="bbox 343 4061 3015 4135; baseline -0.001 -19"><span class='ocrx_word' id='word_1_353' title='bbox 343 4064 498 4134; x_wconf 89' lang='lat' dir='ltr'>jetzt,</span> <span class='ocrx_word' id='word_1_354' title='bbox 526 4065 607 4118; x_wconf 92' lang='lat' dir='ltr'>ed.</span> <span class='ocrx_word' id='word_1_355' title='bbox 625 4065 692 4118; x_wconf 91' lang='lat' dir='ltr'>H.</span> <span class='ocrx_word' id='word_1_356' title='bbox 731 4065 959 4119; x_wconf 91' lang='lat' dir='ltr'>Vindob.</span> <span class='ocrx_word' id='word_1_357' title='bbox 989 4067 1157 4130; x_wconf 85' lang='lat'>1875;</span> <span class='ocrx_word' id='word_1_358' title='bbox 1185 4069 1349 4135; x_wconf 83' lang='lat' dir='ltr'>Idem,</span> <span class='ocrx_word' id='word_1_359' title='bbox 1375 4066 1485 4119; x_wconf 91' lang='lat' dir='ltr'>Der</span> <span class='ocrx_word' id='word_1_360' title='bbox 1507 4064 1721 4118; x_wconf 75' lang='lat' dir='ltr'>Colibat</span> <span class='ocrx_word' id='word_1_361' title='bbox 1741 4064 1836 4117; x_wconf 90' lang='lat' dir='ltr'>der</span> <span class='ocrx_word' id='word_1_362' title='bbox 1856 4062 2207 4117; x_wconf 83' lang='lat' dir='ltr'>Geistlichen.</span> <span class='ocrx_word' id='word_1_363' title='bbox 2234 4061 2464 4115; x_wconf 87' lang='lat' dir='ltr'>Vindob.</span> <span class='ocrx_word' id='word_1_364' title='bbox 2490 4061 2644 4125; x_wconf 92' lang='grc'>1880,</span> <span class='ocrx_word' id='word_1_365' title='bbox 2670 4080 2721 4130; x_wconf 93' lang='lat' dir='ltr'>p.</span> <span class='ocrx_word' id='word_1_366' title='bbox 2751 4062 2872 4116; x_wconf 87' lang='lat'>187.</span> <span class='ocrx_word' id='word_1_367' title='bbox 2893 4078 3015 4129; x_wconf 90' lang='lat' dir='ltr'>sqq.</span> 
     </span>
     <span class='ocr_line' id='line_1_40' title="bbox 533 4141 3018 4213; baseline -0.002 -15"><span class='ocrx_word' id='word_1_368' title='bbox 533 4145 553 4179; x_wconf 71' lang='grc' dir='ltr'>Β</span> <span class='ocrx_word' id='word_1_369' title='bbox 589 4145 719 4199; x_wconf 89' lang='lat' dir='ltr'>Nati</span> <span class='ocrx_word' id='word_1_370' title='bbox 757 4145 843 4199; x_wconf 90' lang='lat' dir='ltr'>die</span> <span class='ocrx_word' id='word_1_371' title='bbox 873 4147 918 4199; x_wconf 90' lang='lat'>1.</span> <span class='ocrx_word' id='word_1_372' title='bbox 944 4146 1269 4200; x_wconf 87' lang='lat' dir='ltr'>Novembris</span> <span class='ocrx_word' id='word_1_373' title='bbox 1298 4146 1464 4207; x_wconf 87' lang='lat'>1539;</span> <span class='ocrx_word' id='word_1_374' title='bbox 1505 4162 1734 4213; x_wconf 91' lang='lat' dir='ltr'>quorum</span> <span class='ocrx_word' id='word_1_375' title='bbox 1759 4143 1915 4208; x_wconf 88' lang='lat' dir='ltr'>alter,</span> <span class='ocrx_word' id='word_1_376' title='bbox 1958 4145 2163 4210; x_wconf 70' lang='lat' dir='ltr'>Petrae,</span> <span class='ocrx_word' id='word_1_377' title='bbox 2201 4142 2335 4194; x_wconf 91' lang='lat' dir='ltr'>obiit</span> <span class='ocrx_word' id='word_1_378' title='bbox 2360 4159 2408 4195; x_wconf 88' lang='lat' dir='ltr'>a.</span> <span class='ocrx_word' id='word_1_379' title='bbox 2439 4142 2593 4206; x_wconf 87' lang='lat'>1596,</span> <span class='ocrx_word' id='word_1_380' title='bbox 2633 4141 2790 4205; x_wconf 83' lang='lat' dir='ltr'>alter,</span> <span class='ocrx_word' id='word_1_381' title='bbox 2829 4144 3018 4194; x_wconf 86' lang='lat' dir='ltr'>Fran-</span> 
     </span>
    </p>
   </div>
   <div class='ocr_carea' id='block_1_9' title="bbox 351 4220 3021 4366">
    <p class='ocr_par' dir='ltr' id='par_1_17' title="bbox 351 4220 3021 4366">
     <span class='ocr_line' id='line_1_41' title="bbox 351 4220 3013 4296; baseline -0 -20"><span class='ocrx_word' id='word_1_382' title='bbox 351 4227 535 4293; x_wconf 72' lang='lat' dir='ltr'>cisoa-3,</span> <span class='ocrx_word' id='word_1_383' title='bbox 562 4242 609 4278; x_wconf 87' lang='lat' dir='ltr'>a.</span> <span class='ocrx_word' id='word_1_384' title='bbox 641 4227 794 4280; x_wconf 88' lang='grc'>1621.</span> <span class='ocrx_word' id='word_1_385' title='bbox 841 4226 1076 4294; x_wconf 80' lang='lat' dir='ltr'>(Schulte</span> <span class='ocrx_word' id='word_1_386' title='bbox 1100 4227 1135 4280; x_wconf 94' lang='lat' dir='ltr'>l.</span> <span class='ocrx_word' id='word_1_387' title='bbox 1164 4245 1210 4280; x_wconf 89' lang='grc'>0.</span> <span class='ocrx_word' id='word_1_388' title='bbox 1237 4229 1376 4296; x_wconf 88' lang='lat' dir='ltr'>part.</span> <span class='ocrx_word' id='word_1_389' title='bbox 1408 4226 1453 4278; x_wconf 90' lang='lat'>1.</span> <span class='ocrx_word' id='word_1_390' title='bbox 1493 4243 1544 4295; x_wconf 88' lang='lat' dir='ltr'>p.</span> <span class='ocrx_word' id='word_1_391' title='bbox 1572 4225 1694 4278; x_wconf 87' lang='lat'>564.</span> <span class='ocrx_word' id='word_1_392' title='bbox 1721 4240 1872 4291; x_wconf 84' lang='lat' dir='ltr'>sqq.;</span> <span class='ocrx_word' id='word_1_393' title='bbox 1913 4224 2112 4275; x_wconf 81' lang='lat' dir='ltr'>Jo‘cher</span> <span class='ocrx_word' id='word_1_394' title='bbox 2135 4222 2171 4275; x_wconf 88' lang='lat'>1.</span> <span class='ocrx_word' id='word_1_395' title='bbox 2200 4239 2245 4274; x_wconf 93' lang='grc'>0.</span> <span class='ocrx_word' id='word_1_396' title='bbox 2271 4224 2401 4274; x_wconf 88' lang='lat' dir='ltr'>tom.</span> <span class='ocrx_word' id='word_1_397' title='bbox 2428 4221 2524 4275; x_wconf 93' lang='lat' dir='ltr'>III.</span> <span class='ocrx_word' id='word_1_398' title='bbox 2552 4220 2653 4274; x_wconf 90' lang='lat' dir='ltr'>col.</span> <span class='ocrx_word' id='word_1_399' title='bbox 2686 4222 2840 4275; x_wconf 90' lang='lat'>1600.</span> <span class='ocrx_word' id='word_1_400' title='bbox 2864 4221 3013 4289; x_wconf 88' lang='lat' dir='ltr'>sqq.)</span> 
     </span>
     <span class='ocr_line' id='line_1_42' title="bbox 537 4299 3021 4366; baseline -0.002 -7"><span class='ocrx_word' id='word_1_401' title='bbox 537 4307 558 4341; x_wconf 85' lang='lat'>⁹</span> <span class='ocrx_word' id='word_1_402' title='bbox 597 4305 705 4359; x_wconf 83' lang='lat' dir='ltr'>cfr.</span> <span class='ocrx_word' id='word_1_403' title='bbox 746 4307 811 4360; x_wconf 88' lang='lat' dir='ltr'>de</span> <span class='ocrx_word' id='word_1_404' title='bbox 848 4306 935 4361; x_wconf 89' lang='lat' dir='ltr'>his</span> <span class='ocrx_word' id='word_1_405' title='bbox 985 4306 1353 4361; x_wconf 84' lang='lat' dir='ltr'>notationibus</span> <span class='ocrx_word' id='word_1_406' title='bbox 1389 4306 1656 4359; x_wconf 75' lang='lat' dir='ltr'>Benedict.</span> <span class='ocrx_word' id='word_1_407' title='bbox 1696 4305 1853 4356; x_wconf 80' lang='lat' dir='ltr'>XIV.</span> <span class='ocrx_word' id='word_1_408' title='bbox 1873 4344 1885 4366; x_wconf 90' lang='lat'>‚</span> <span class='ocrx_word' id='word_1_409' title='bbox 1936 4301 2017 4355; x_wconf 93' lang='lat' dir='ltr'>De</span> <span class='ocrx_word' id='word_1_410' title='bbox 2056 4318 2338 4355; x_wconf 87' lang='lat' dir='ltr'>servorum</span> <span class='ocrx_word' id='word_1_411' title='bbox 2373 4300 2474 4354; x_wconf 91' lang='lat' dir='ltr'>Dei</span> <span class='ocrx_word' id='word_1_412' title='bbox 2521 4299 2925 4354; x_wconf 85' lang='lat' dir='ltr'>beatificatione</span> <span class='ocrx_word' id='word_1_413' title='bbox 2965 4304 3021 4354; x_wconf 92' lang='lat' dir='ltr'>et</span> 
     </span>
    </p>
   </div>
   <div class='ocr_carea' id='block_1_10' title="bbox 349 4379 3022 4537">
    <p class='ocr_par' dir='ltr' id='par_1_18' title="bbox 349 4379 3022 4537">
     <span class='ocr_line' id='line_1_43' title="bbox 354 4379 3022 4453; baseline -0.001 -18"><span class='ocrx_word' id='word_1_414' title='bbox 354 4384 635 4439; x_wconf 89' lang='lat' dir='ltr'>beatorum</span> <span class='ocrx_word' id='word_1_415' title='bbox 687 4387 1118 4450; x_wconf 86' lang='lat' dir='ltr'>canonizatione,</span> <span class='ocrx_word' id='word_1_416' title='bbox 1173 4386 1265 4439; x_wconf 92' lang='lat' dir='ltr'>lib.</span> <span class='ocrx_word' id='word_1_417' title='bbox 1315 4385 1408 4438; x_wconf 84' lang='lat' dir='ltr'>IV.</span> <span class='ocrx_word' id='word_1_418' title='bbox 1462 4386 1602 4453; x_wconf 88' lang='lat' dir='ltr'>part.</span> <span class='ocrx_word' id='word_1_419' title='bbox 1641 4382 1692 4436; x_wconf 89' lang='grc'>2.</span> <span class='ocrx_word' id='word_1_420' title='bbox 1746 4399 1863 4452; x_wconf 84' lang='lat' dir='ltr'>cap.</span> <span class='ocrx_word' id='word_1_421' title='bbox 1907 4383 1990 4435; x_wconf 87' lang='lat'>17.</span> <span class='ocrx_word' id='word_1_422' title='bbox 2042 4398 2095 4434; x_wconf 91' lang='lat' dir='ltr'>n.</span> <span class='ocrx_word' id='word_1_423' title='bbox 2139 4381 2219 4434; x_wconf 96' lang='grc'>10.</span> <span class='ocrx_word' id='word_1_424' title='bbox 2279 4379 2439 4450; x_wconf 89' lang='lat' dir='ltr'>(Opp.</span> <span class='ocrx_word' id='word_1_425' title='bbox 2493 4380 2575 4433; x_wconf 91' lang='lat' dir='ltr'>ed.</span> <span class='ocrx_word' id='word_1_426' title='bbox 2622 4380 2817 4433; x_wconf 91' lang='lat' dir='ltr'>Venet.</span> <span class='ocrx_word' id='word_1_427' title='bbox 2864 4381 3022 4445; x_wconf 90' lang='lat'>1767,</span> 
     </span>
     <span class='ocr_line' id='line_1_44' title="bbox 349 4460 2206 4537; baseline -0.003 -19"><span class='ocrx_word' id='word_1_428' title='bbox 349 4467 480 4519; x_wconf 85' lang='lat' dir='ltr'>tom.</span> <span class='ocrx_word' id='word_1_429' title='bbox 518 4466 610 4520; x_wconf 91' lang='lat' dir='ltr'>IV.</span> <span class='ocrx_word' id='word_1_430' title='bbox 649 4485 701 4537; x_wconf 90' lang='lat' dir='ltr'>p.</span> <span class='ocrx_word' id='word_1_431' title='bbox 742 4467 920 4535; x_wconf 86' lang='lat'>365.);</span> <span class='ocrx_word' id='word_1_432' title='bbox 963 4469 1206 4534; x_wconf 71' lang='lat' dir='ltr'>PhilZipS,</span> <span class='ocrx_word' id='word_1_433' title='bbox 1244 4463 1655 4526; x_wconf 88' lang='lat' dir='ltr'>Kirchenrecht,</span> <span class='ocrx_word' id='word_1_434' title='bbox 1695 4465 1823 4516; x_wconf 90' lang='lat' dir='ltr'>tom.</span> <span class='ocrx_word' id='word_1_435' title='bbox 1862 4461 1955 4515; x_wconf 91' lang='lat' dir='ltr'>IV.</span> <span class='ocrx_word' id='word_1_436' title='bbox 1994 4479 2045 4530; x_wconf 94' lang='lat' dir='ltr'>p.</span> <span class='ocrx_word' id='word_1_437' title='bbox 2086 4460 2206 4514; x_wconf 90' lang='grc'>205.</span> 
     </span>
    </p>
   </div>
   <div class='ocr_carea' id='block_1_11' title="bbox 513 4545 3024 4697">
    <p class='ocr_par' dir='ltr' id='par_1_19' title="bbox 513 4545 3024 4697">
     <span class='ocr_line' id='line_1_45' title="bbox 516 4545 1432 4615; baseline -0.005 -14"><span class='ocrx_word' id='word_1_438' title='bbox 516 4545 558 4581; x_wconf 90' lang='lat'>¹⁰</span> <span class='ocrx_word' id='word_1_439' title='bbox 595 4549 809 4601; x_wconf 76' lang='lat' dir='ltr'>Schulte</span> <span class='ocrx_word' id='word_1_440' title='bbox 845 4548 880 4601; x_wconf 94' lang='grc'>1.</span> <span class='ocrx_word' id='word_1_441' title='bbox 921 4566 965 4601; x_wconf 93' lang='grc'>0.</span> <span class='ocrx_word' id='word_1_442' title='bbox 1005 4551 1134 4601; x_wconf 90' lang='lat' dir='ltr'>tom.</span> <span class='ocrx_word' id='word_1_443' title='bbox 1174 4547 1214 4599; x_wconf 94' lang='grc' dir='ltr'>Ι.</span> <span class='ocrx_word' id='word_1_444' title='bbox 1253 4563 1305 4615; x_wconf 90' lang='lat' dir='ltr'>p.</span> <span class='ocrx_word' id='word_1_445' title='bbox 1348 4545 1432 4597; x_wconf 93' lang='lat'>74.</span> 
     </span>
     <span class='ocr_line' id='line_1_46' title="bbox 513 4618 3024 4697; baseline -0.002 -18"><span class='ocrx_word' id='word_1_446' title='bbox 513 4627 555 4663; x_wconf 88' lang='lat'>¹¹</span> <span class='ocrx_word' id='word_1_447' title='bbox 592 4627 757 4682; x_wconf 89' lang='lat' dir='ltr'>Tomo</span> <span class='ocrx_word' id='word_1_448' title='bbox 783 4628 823 4681; x_wconf 97' lang='grc' dir='ltr'>Ι.</span> <span class='ocrx_word' id='word_1_449' title='bbox 869 4627 1120 4697; x_wconf 85' lang='lat' dir='ltr'>Corporis</span> <span class='ocrx_word' id='word_1_450' title='bbox 1152 4626 1260 4696; x_wconf 87' lang='lat' dir='ltr'>jur.</span> <span class='ocrx_word' id='word_1_451' title='bbox 1301 4642 1436 4688; x_wconf 72' lang='lat' dir='ltr'>can„</span> <span class='ocrx_word' id='word_1_452' title='bbox 1477 4640 1600 4676; x_wconf 88' lang='lat' dir='ltr'>cum</span> <span class='ocrx_word' id='word_1_453' title='bbox 1637 4621 1782 4674; x_wconf 91' lang='lat' dir='ltr'>notis</span> <span class='ocrx_word' id='word_1_454' title='bbox 1807 4620 1959 4673; x_wconf 90' lang='lat' dir='ltr'>Petri</span> <span class='ocrx_word' id='word_1_455' title='bbox 1997 4622 2052 4673; x_wconf 90' lang='lat' dir='ltr'>et</span> <span class='ocrx_word' id='word_1_456' title='bbox 2077 4619 2353 4673; x_wconf 86' lang='lat' dir='ltr'>Francisci</span> <span class='ocrx_word' id='word_1_457' title='bbox 2388 4620 2621 4672; x_wconf 87' lang='lat' dir='ltr'>fratrum</span> <span class='ocrx_word' id='word_1_458' title='bbox 2645 4618 3024 4683; x_wconf 89' lang='lat' dir='ltr'>Pithoeorum,</span> 
     </span>
    </p>
   </div>
   <div class='ocr_carea' id='block_1_12' title="bbox 353 4697 3026 4852">
    <p class='ocr_par' dir='ltr' id='par_1_20' title="bbox 353 4697 3026 4852">
     <span class='ocr_line' id='line_1_47' title="bbox 353 4697 3026 4776; baseline -0.003 -16"><span class='ocrx_word' id='word_1_459' title='bbox 353 4707 527 4776; x_wconf 86' lang='lat' dir='ltr'>ipsius</span> <span class='ocrx_word' id='word_1_460' title='bbox 564 4726 694 4762; x_wconf 88' lang='lat' dir='ltr'>cura</span> <span class='ocrx_word' id='word_1_461' title='bbox 733 4708 865 4762; x_wconf 91' lang='lat' dir='ltr'>editi</span> <span class='ocrx_word' id='word_1_462' title='bbox 902 4708 1074 4761; x_wconf 89' lang='lat' dir='ltr'>Paris.</span> <span class='ocrx_word' id='word_1_463' title='bbox 1118 4706 1272 4768; x_wconf 91' lang='grc'>1687,</span> <span class='ocrx_word' id='word_1_464' title='bbox 1312 4705 1344 4757; x_wconf 91' lang='grc'>2</span> <span class='ocrx_word' id='word_1_465' title='bbox 1382 4706 1569 4757; x_wconf 91' lang='lat' dir='ltr'>tomm.</span> <span class='ocrx_word' id='word_1_466' title='bbox 1607 4702 1664 4754; x_wconf 88' lang='lat' dir='ltr'>in</span> <span class='ocrx_word' id='word_1_467' title='bbox 1701 4700 1793 4754; x_wconf 93' lang='lat' dir='ltr'>fol.</span> <span class='ocrx_word' id='word_1_468' title='bbox 1859 4699 2007 4765; x_wconf 82' lang='lat' dir='ltr'>Quae</span> <span class='ocrx_word' id='word_1_469' title='bbox 2045 4697 2208 4752; x_wconf 89' lang='lat' dir='ltr'>editio</span> <span class='ocrx_word' id='word_1_470' title='bbox 2246 4698 2438 4752; x_wconf 87' lang='lat' dir='ltr'>deinde</span> <span class='ocrx_word' id='word_1_471' title='bbox 2474 4697 2708 4768; x_wconf 86' lang='lat' dir='ltr'>repetita</span> <span class='ocrx_word' id='word_1_472' title='bbox 2747 4701 2834 4751; x_wconf 90' lang='lat' dir='ltr'>est</span> <span class='ocrx_word' id='word_1_473' title='bbox 2871 4698 3026 4769; x_wconf 75' lang='lat' dir='ltr'>LiPS.</span> 
     </span>
     <span class='ocr_line' id='line_1_48' title="bbox 357 4787 1228 4852; baseline -0.002 -11"><span class='ocrx_word' id='word_1_474' title='bbox 357 4788 510 4852; x_wconf 88' lang='lat'>1695,</span> <span class='ocrx_word' id='word_1_475' title='bbox 549 4790 684 4844; x_wconf 90' lang='grc'>1705</span> <span class='ocrx_word' id='word_1_476' title='bbox 724 4793 780 4842; x_wconf 88' lang='lat' dir='ltr'>et</span> <span class='ocrx_word' id='word_1_477' title='bbox 815 4787 1032 4842; x_wconf 88' lang='lat' dir='ltr'>Taurin.</span> <span class='ocrx_word' id='word_1_478' title='bbox 1077 4787 1228 4840; x_wconf 88' lang='lat'>1746.</span> 
     </span>
    </p>
   </div>
  </div>
 </body>
</html>
