3355 5328
1292 1715 2199 1832 PRAEFATIO.

1645 2031 1854 2038 -—-—-

560 2175 773 2322 Quas
812 2249 951 2333 jam
996 2269 1116 2333 per
1159 2248 1397 2330 viginti
1443 2269 1650 2314 annos
1697 2252 1767 2314 et
1811 2248 1988 2315 ultra
2032 2248 2101 2313 in
2131 2249 2477 2314 Facultate
2512 2246 2885 2328 theologica
2930 2267 2984 2312 c.
3018 2268 3071 2312 r.

414 2391 890 2458 Universitatis
948 2391 1473 2457 Vindobonensis
1529 2391 1846 2456 habemus
1898 2390 2379 2474 praelectiones
2396 2439 2411 2469 ‚
2472 2389 2540 2454 in
2600 2389 2848 2472 Corpus
2903 2386 3073 2472 juris

416 2533 711 2598 canonici
755 2532 1249 2599 introducentes
1296 2536 1383 2610 et,
1433 2535 1758 2614 quatenus
1804 2531 1890 2597 ad
1933 2532 2106 2597 hunc
2149 2533 2345 2596 finem
2392 2531 2652 2597 omnino
2698 2527 3072 2596 necessaria

417 2681 521 2743 est
537 2727 553 2756 ‚
615 2676 816 2743 etiam
862 2674 1167 2760 Corporis
1205 2674 1374 2759 juris
1417 2674 1629 2741 civilis
1674 2674 1930 2740 romani
1976 2674 2417 2757 cognitionem
2476 2673 3070 2751 subministranteS,

416 2840 531 2885 eas
575 2819 701 2884 hoc
748 2818 1058 2902 opusculo
1104 2817 1173 2882 in
1221 2816 1549 2901 publicum
1598 2816 1913 2884 dedimus.

592 2959 699 3025 Ad
763 2959 936 3041 quod
994 2963 1138 3025 tum
1202 2959 1486 3042 plurium
1551 2957 2017 3042 discipulorum
2075 2962 2449 3024 nostrorum
2509 2958 2685 3025 votis
2706 3008 2721 3037 ,
2786 2961 2930 3023 tum
2995 2978 3073 3023 eo

416 3100 702 3185 permoti
733 3122 977 3180 sumne„
1029 3101 1202 3183 quod
1249 3102 1696 3184 cognovimus,
1745 3122 1910 3179 esse,
1960 3100 2071 3183 qui
2100 3100 2249 3166 illas
2278 3101 2757 3184 praelectiones
2786 3103 3050 3165 nostras

416 3265 457 3309 a
502 3243 747 3309 nostris
794 3242 1201 3309 auditoribus
1260 3241 1328 3307 in
1388 3243 1613 3309 schola
1670 3242 1914 3309 litteris
1958 3243 2307 3309 mandatas
2329 3293 2344 3322 ‚
2408 3243 2701 3328 expilare
2720 3293 2735 3323 ‚
2796 3263 3074 3325 magnas

418 3405 643 3449 earum
688 3388 917 3469 partes
947 3384 1088 3450 sine
1119 3385 1255 3450 ulla
1299 3386 1493 3469 hujus
1538 3386 1634 3450 rei
1680 3384 2014 3450 mentione
2061 3384 2432 3451 exscribere
2465 3390 2533 3452 et
2562 3388 2880 3468 tanquam
2918 3406 3073 3450 suas

421 3523 710 3608 ipsorum
755 3525 1243 3591 lucubrationes
1288 3526 1356 3591 in
1401 3526 1641 3608 vulgus
1689 3526 1883 3592 edere
1930 3546 2060 3591 non
2109 3525 2506 3592 erubuerint.

592 3665 835 3742 Quibus
881 3665 1241 3750 perpensis,
1289 3687 1373 3731 ne
1403 3667 1512 3731 vel
1559 3666 1944 3733 dilectorum
1983 3666 2445 3751 discipulorum
2490 3671 2865 3733 nostrorum
2910 3671 3071 3734 vota

415 3825 725 3888 spernere
744 3856 759 3885 ,
807 3808 934 3886 vel,
984 3809 1157 3891 quod
1201 3807 1314 3875 isti
1361 3808 1820 3892 compilatores
1868 3829 1904 3873 e
1949 3809 2145 3875 rebus
2190 3808 2434 3875 nostris
2481 3813 2869 3875 amoverant
2887 3858 2902 3888 ‚
2950 3831 3070 3876 nos

416 3969 452 4013 e
498 3948 694 4014 rebus
741 3970 966 4015 eorum
1013 3950 1364 4017 abstulisse
1410 3949 1804 4027 videremur,
1855 3949 1980 4034 ipsi
2029 3950 2239 4017 dictas
2284 3950 2760 4034 praelectiones
2805 3955 3101 4055 nostraffi

412 4092 537 4158 hoc
583 4093 892 4175 opusculo
939 4091 1007 4157 in
1051 4093 1264 4158 lucem
1312 4092 1560 4157 dandas
1607 4091 2030 4175 suscepimus.

591 4234 712 4301 Uti
755 4235 824 4300 in
868 4234 1190 4319 praefatis
1228 4233 1799 4318 praelectionibuS,
1848 4233 1916 4298 in
1962 4233 2188 4299 schola
2216 4232 2481 4313 habitis,
2528 4233 2749 4300 facere
2795 4255 3069 4300 consue-

412 4374 647 4454 vimuS,
695 4375 791 4442 ita
839 4375 1039 4442 etiam
1084 4375 1152 4441 in
1196 4376 1321 4442 hoc
1367 4376 1677 4460 opusculo
1724 4375 1872 4440 illos
1918 4374 2098 4440 viros
2146 4374 2457 4453 eruditos,
2514 4396 2789 4457 quorum
2835 4374 3070 4441 studiis

415 4520 482 4582 et
527 4516 860 4582 laboribus
905 4516 1006 4581 usi
1054 4538 1298 4595 sumuS‚
1349 4537 1659 4600 expresse
1705 4515 2044 4581 nominare
2090 4514 2473 4600 sategimus
2558 4517 2845 4594 Quorum
2889 4518 3068 4584 viro-

413 4677 559 4721 rum
622 4662 885 4740 gratam
950 4656 1248 4723 omnibus
1318 4655 1543 4722 diebus
1605 4656 1787 4724 vitae
1850 4662 2120 4724 nostrae
2189 4658 2599 4725 servabimus
2661 4660 3062 4728 memoriam.

412 4799 590 4864 Deus
635 4798 776 4883 ipse
823 4797 912 4865 sit
957 4798 1053 4864 eis
1098 4797 1491 4864 retributor!
