3355 5328
1440 298 1618 354 Sectio
1655 299 1699 354 Ι.
1754 299 1787 366 ἓ
1824 299 1909 354 68.
2898 301 3004 356 123

1171 493 1210 579 ξ
1258 491 1359 560 68.
1453 494 1830 581 compilatio
1878 493 2109 580 quinta
2137 495 2180 560 1.

528 659 749 743 Papae
789 661 1142 726 Innocentii
1173 662 1299 726 ΠΙ.
1343 681 1699 738 successor,
1749 661 2075 725 Honorius
2107 660 2233 725 HI.
2284 659 2417 740 (18.
2452 662 2581 728 Jul.
2622 664 2790 727 1216
2823 683 2885 728 u.
2921 663 3006 727 ad

354 758 455 822 18.
505 756 701 823 Mart.
756 756 974 839 1227),
1023 757 1522 824 constitutiones
1569 761 1639 824 et
1686 758 2047 822 decretales
2085 778 2276 836 61166,
2336 779 2541 840 usque
2587 759 2672 825 ad
2719 781 2777 825 a.
2834 762 3003 824 1226

351 854 644 933 emissaS,
692 875 824 920 una
855 876 1001 921 cum
1031 855 1456 939 Imperatoris
1488 856 1813 921 Friderici
1844 855 1935 921 II.
1970 853 2469 939 (1215-1250)
2517 857 3003 934 constitutione,

351 972 521 1033 quae
566 951 827 1037 proprie
868 952 1128 1036 incipit:
1184 955 1302 1035 „In
1337 955 1460 1038 die,
1509 951 1701 1039 qua“,
1751 953 2179 1018 communiter
2211 956 2434 1018 autem
2465 955 2732 1021 exordio
2766 955 3003 1020 omisso

348 1049 677 1131 allegatur
721 1050 1022 1116 vocibus:
1077 1052 1260 1133 „Hac
1309 1053 1561 1117 edictali
1606 1050 1797 1136 le9e“,
1847 1051 1952 1115 die
1999 1053 2103 1117 22.
2152 1050 2323 1117 Νον.
2378 1054 2548 1117 1220
2593 1053 2661 1117 111
2706 1053 3004 1118 favorem

347 1147 686 1213 Ecclesiae
746 1148 924 1215 edita
949 1144 994 1226 ²,
1057 1148 1275 1230 colligi
1328 1148 1563 1232 jussit3
1625 1170 1823 1230 quam
1885 1149 2335 1214 collectionem
2354 1199 2368 1228 ,
2432 1150 2515 1215 ad
2559 1150 2772 1216 instar
2818 1151 3006 1216 Com-

536 1319 750 1370 Codices
798 1335 892 1371 ms.
944 1317 1108 1388 hujus
1160 1316 1567 1387 Compilationis
1617 1317 1750 1371 item
1800 1318 2043 1371 nonnulli
2090 1317 2350 1372 existunt.
2425 1318 2533 1371 Eos
2568 1318 2739 1371 refert
2776 1319 3005 1386 Schulte,

347 1397 941 1465 Literaturgeschichte
967 1398 1062 1452 der
1090 1396 1512 1468 Compilationes
1537 1397 1810 1467 antiquae,
1848 1397 1906 1450 in
1930 1398 2046 1452 citt.
2070 1398 2252 1452 relatt.
2279 1416 2413 1453 sess.
2440 1402 2568 1452 tom.
2595 1398 2784 1499 LXVI.
2812 1415 2862 1467 p.
2892 1399 3008 1462 77.;

348 1480 516 1546 Ideni,
554 1477 654 1531 Die
693 1477 1020 1532 Geschichte
1057 1478 1152 1531 der
1189 1477 1430 1542 Quellen,
1467 1480 1597 1531 tom.
1636 1478 1677 1530 Ι.
1716 1496 1768 1547 p.
1808 1478 1894 1531 89.
1932 1480 2041 1531 1161.
2081 1478 2166 1532 20.

531 1561 684 1625 Impr
685 1575 799 1611 essa
835 1560 922 1612 est
959 1557 1279 1627 compilatio
1315 1556 1481 1621 haec,
1519 1574 1642 1610 cum
1681 1561 1947 1627 apparatu
1985 1557 2020 1611 J
2022 1575 2140 1612 oan
2180 1557 2463 1613 Teutonici
2499 1561 2556 1611 et
2591 1557 2735 1612 notis
2775 1575 3005 1626 quorun·

348 1638 474 1691 dam
501 1637 744 1701 aliorum,
779 1654 1024 1692 seorsum
1048 1654 1178 1691 cura
1202 1638 1328 1690 Ant.
1355 1637 1667 1704 Augustini,
1707 1637 1946 1707 episcopi
1969 1638 2277 1702 Ilerdensis,
2315 1638 2525 1692 Ilerdae
2553 1638 2707 1702 1576,
2745 1638 2846 1691 sub
2883 1637 2969 1691 tit.
2992 1658 3005 1691 τ

353 1719 600 1771 Collectio
638 1725 837 1786 quarta
873 1719 1233 1770 decretalium.
1309 1716 1458 1782 Quae
1496 1717 1661 1771 editio
1699 1735 1862 1787 saepe
1900 1717 2123 1771 editioni
2176 1717 2341 1772 trium
2382 1717 2621 1788 priorum
2660 1717 3005 1787 Compilatio-

345 1815 480 1852 num
518 1801 642 1868 post
677 1800 804 1851 Ant.
844 1800 1136 1866 Auyustini
1173 1801 1330 1851 notas
1367 1797 1591 1868 adjungi
1627 1797 1783 1851 solet.
1859 1798 2025 1851 Porro
2075 1798 2341 1868 impressa
2379 1802 2465 1851 est
2499 1797 2557 1851 in
2610 1798 2777 1852 citato
2816 1816 3005 1867 opere:

346 1877 627 1947 Antiquae
667 1877 1024 1931 collectiones
1063 1876 1444 1940 decretalium,
1496 1877 1577 1931 ed.
1616 1877 1791 1931 Paris.
1835 1878 1988 1940 1609,
2026 1895 2077 1948 p.
2119 1878 2238 1933 739.
2278 1895 2429 1947 sqq.;
2481 1878 2615 1931 item
2652 1881 2779 1931 Ant.
2820 1881 3008 1946 Λαρα-

344 1961 481 2011 stini
518 1956 673 2027 Opp.,
711 1958 793 2010 611.
831 1956 959 2011 Luc.
1002 1957 1139 2011 1765
1177 1974 1314 2026 sqq„
1353 1959 1482 2010 tom.
1522 1957 1615 2010 IV.
1669 1957 1963 2010 Praeterea
2000 1975 2071 2010 ex
2107 1960 2278 2026 parte,
2317 1957 2535 2011 scilicet
2572 1958 2750 2026 quoad
2786 1957 2881 2010 illa
2920 1975 3005 2011 ca·

345 2038 481 2108 pita,
518 2054 657 2106 quae
693 2037 751 2090 in
786 2036 1159 2092 collectionem
1195 2037 1546 2091 decretalium
1570 2037 1755 2106 Papae
1786 2039 2041 2104 Greyorii
2066 2039 2165 2090 IX.
2205 2055 2253 2091 a.
2284 2037 2423 2091 1234
2458 2040 2679 2107 recepta
2715 2055 2824 2090 non
2860 2041 3005 2101 sunt,

348 2116 438 2170 in:
480 2115 728 2184 Quinque
768 2115 1188 2186 compilationes
1225 2115 1498 2185 antiquae,
1537 2117 1618 2170 ed.
1658 2116 1749 2170 cit.
1789 2135 1840 2186 p.
1884 2117 2001 2171 135.
2041 2134 2161 2186 sqq.

532 2200 552 2233 ¹
590 2198 830 2250 Joannes
854 2198 1123 2265 Andreae,
1147 2195 1377 2249 Novella
1403 2199 1688 2249 comment.
1714 2195 1750 2249 1.
1773 2214 1818 2250 6.
1840 2215 1893 2250 V.
1922 2198 2233 2266 Greyorias,
2258 2197 2300 2250 Ι.
2326 2215 2378 2251 n.
2399 2197 2481 2251 16.
2508 2197 2613 2264 (ed.
2634 2197 2828 2250 Venet.
2849 2197 3004 2260 1716,

345 2280 479 2330 tom.
517 2277 558 2330 Ι.
597 2276 689 2331 fol.
730 2277 830 2330 3.b
868 2276 966 2330 col.
1006 2276 1092 2345 2);
1147 2276 1405 2344 Phillipss,
1444 2275 1854 2341 Kirchenrecht,
1891 2279 2021 2329 tom.
2062 2277 2154 2330 IV.
2196 2295 2245 2347 p.
2282 2277 2401 2331 229.
2442 2294 2559 2346 sqq.
2579 2297 2591 2341 ς
2633 2277 2845 2330 Schulte
2879 2276 2916 2329 1.
2957 2294 3003 2330 6.

346 2359 480 2410 16111.
500 2357 541 2410 Ι.
563 2375 614 2426 p.
635 2357 720 2410 90.
741 2373 848 2424 sq.;
875 2358 1186 2425 Friedbery,
1205 2355 1285 2410 in:
1314 2355 1560 2425 Quinque
1583 2355 2003 2425 Compilationes
2024 2356 2296 2424 antiquae,
2317 2357 2560 2427 prolegg.
2581 2375 2631 2426 p.
2652 2355 2903 2410 XXXIV.
2921 2372 3002 2424 sq.

535 2436 555 2468 ²
592 2436 693 2490 Illa
731 2435 1046 2490 constitutio
1063 2478 1076 2500 ,
1128 2436 1196 2490 ab
1233 2436 1563 2505 Imperatore
1601 2438 1887 2489 Friderico
1924 2438 2000 2490 II.
2041 2436 2155 2501 die,
2209 2454 2316 2506 qua
2353 2455 2386 2490 a
2422 2437 2574 2507 Papa
2611 2438 2858 2489 Honorio
2897 2438 3004 2489 III.

350 2519 640 2570 coronatus
678 2519 792 2580 est,
843 2514 1103 2569 videlicet
1140 2515 1226 2569 die
1276 2515 1360 2569 22.
1398 2515 1535 2569 NoV.
1580 2516 1719 2570 1220
1735 2557 1748 2579 ,
1803 2515 1860 2568 111
1909 2516 2153 2570 favorem
2189 2516 2469 2570 Ecclesiae
2507 2516 2653 2570 edita
2692 2519 2747 2569 et
2784 2534 2816 2569 a
2853 2516 3006 2585 Papa

347 2598 598 2649 Honorio
654 2597 759 2649 ΙΙΙ.
818 2596 1006 2649 66116111
1062 2595 1147 2650 1116
1203 2596 1500 2668 approbata
1565 2598 1620 2648 et
1664 2596 2001 2655 ,confirmata
2055 2596 2272 2651 verbis:
2347 2597 2487 2662 „Nos
2550 2614 2680 2650 vero
2735 2595 3007 2649 Honorius

345 2676 653 2747 Episcopus
669 2718 682 2741 ,
733 2694 926 2730 servus
964 2694 1245 2731 servorum
1282 2676 1411 2741 Dei,
1449 2676 1550 2730 has
1587 2676 1740 2744 leges
1757 2719 1771 2741 ‚
1822 2694 1855 2730 a
1892 2677 2164 2731 Friderico
2182 2720 2194 2742 ,
2245 2678 2609 2732 Romanorum
2658 2677 3006 2747 Imperatore,

343 2756 460 2810 filio
496 2760 679 2811 nostro
718 2756 1036 2811 charissimo
1052 2800 1065 2822 ,
1119 2775 1215 2827 pro
1265 2756 1505 2811 utilitate
1543 2756 1781 2810 omnium
1821 2756 2251 2811 Christianorum
2288 2758 2464 2812 editas
2481 2800 2493 2822 ,
2545 2758 2831 2812 laudamus
2847 2800 2859 2821 ,
2915 2774 3004 2826 ap-

346 2837 641 2906 probamus
658 2879 670 2901 ,
722 2839 984 2905 tanquam
1020 2836 1078 2890 in
1114 2839 1394 2891 aeternum
1432 2836 1702 2890 valituras
1717 2878 1731 2901 ,
1788 2840 1846 2890 et
1881 2836 1929 2891 si
1967 2837 2090 2906 quis
2127 2855 2264 2891 ausu
2300 2838 2588 2891 temerario
2604 2880 2617 2901 ,
2654 2836 2870 2890 inimico
2908 2836 3006 2889 hu-

345 2916 499 2970 mani
533 2915 748 2983 generis
785 2917 1065 2981 suadente,
1103 2934 1422 2985 quocunque
1459 2917 1615 2970 modo
1652 2916 1755 2970 has
1779 2916 2075 2984 infringere
2101 2917 2415 2982 tentaverit,
2452 2917 2878 2985 indignationem
2904 2916 3007 2970 Dei

347 2995 735 3066 omnipotentis
773 2999 829 3050 et
863 2997 1144 3051 beatorum
1181 2996 1333 3050 Petri
1369 2996 1528 3050 Pauli
1565 2996 1949 3067 Apostolorum
1986 3015 2045 3051 se
2082 2997 2298 3051 noverit
2350 2998 2724 3051 incursurum“
2775 2996 3004 3064 (Bullar.

349 3077 539 3141 Rom.,
587 3077 669 3130 ed.
709 3076 928 3130 Taurin.
971 3077 1106 3132 1857
1146 3094 1283 3145 sqq.,
1321 3080 1451 3131 tom.
1490 3077 1583 3130 ΙΙΙ.
1623 3095 1673 3147 p.
1715 3076 1882 3144 374),
1919 3107 1990 3114 —
2026 3077 2291 3147 praecipit
2327 3077 2394 3131 de
2429 3076 2653 3131 statutis
2692 3081 2748 3131 et
2784 3094 3005 3131 consue-

345 3156 646 3221 tudinibus,
686 3160 874 3211 contra
909 3156 1219 3211 libertatem
1243 3155 1524 3211 Ecclesiae
1562 3156 1739 3222 editis,
1779 3174 1917 3226 quas
1954 3174 2140 3211 omnes
2178 3160 2365 3211 cassat
2400 3160 2565 3226 atque
2600 3157 2809 3221 irritat3
2848 3174 3008 3227 porro

347 3237 418 3291 de
456 3231 797 3291 immunitate
846 3237 1085 3291 locorum
1135 3236 1511 3304 religiosorum
1548 3237 1875 3306 ubicumque
1913 3236 2264 3291 existentium
2280 3280 2293 3302 ‚
2343 3238 2417 3291 de
2454 3237 2558 3291 fori
2595 3237 2898 3307 privilegiO,
2939 3237 3005 3290 de

348 3316 581 3371 Gazaris
618 3320 675 3371 et
710 3316 998 3371 Patarenis
1044 3320 1101 3371 et
1149 3316 1272 3371 aliis
1308 3316 1598 3371 haereticis
1645 3334 1937 3386 eorumque
1974 3317 2378 3372 successoribus
2395 3360 2407 3380 ,
2461 3318 2527 3371 de
2562 3317 2815 3383 navigiiS,
2854 3334 3004 3385 pere-

346 3397 526 3465 grinis
563 3401 619 3451 61
657 3396 882 3452 advenis
898 3440 912 3462 ‚
951 3414 1271 3466 quocunque
1308 3397 1548 3451 locorum
1585 3396 1989 3467 hospitantibus
2006 3439 2018 3461 ,
2058 3415 2348 3466 eorumque
2385 3396 2806 3461 successoribus,
2846 3399 2901 3450 et
2938 3397 3006 3451 de

350 3477 718 3544 agricolarum
755 3476 1157 3531 securitatibus,
1234 3477 1383 3542 Quae
1421 3476 1737 3531 constitutio
1754 3519 1767 3541 ,
1820 3476 1949 3546 quia
1986 3477 2052 3530 de
2089 3477 2333 3547 pluribus
2369 3475 2614 3530 materiis
2630 3518 2642 3541 ,
2697 3479 2761 3529 ut
2797 3494 2867 3529 ex
2903 3475 3005 3529 hoc

346 3561 646 3627 conspectu
683 3558 876 3621 elucet,
914 3556 1195 3627 praecipit,
1234 3557 1556 3626 quandoque
1595 3556 1760 3610 etiam
1798 3575 2020 3610 numero
2046 3557 2244 3626 plurali
2281 3556 2547 3626 accipitur
2585 3559 2641 3610 et
2675 3574 2842 3610 voce:
2884 3573 3003 3609 con-

346 3639 664 3705 stitutiones,
701 3637 816 3691 vel:
856 3640 988 3706 leyes
1025 3637 1357 3705 designatur.

529 3716 750 3770 Initium
785 3715 947 3787 hujus
985 3716 1386 3770 constitutionis
1412 3734 1520 3770 una
1545 3734 1669 3770 cum
1707 3716 1824 3787 ejus
1861 3715 2210 3786 inscriptione
2249 3720 2348 3781 est,
2386 3720 2449 3770 ut
2473 3716 2748 3785 sequitur:
2794 3715 3004 3781 „Fride-

342 3795 512 3861 ricus,
550 3794 664 3850 Dei'
687 3796 866 3863 gratia
902 3797 1269 3850 Romanorum
1306 3797 1606 3867 Imperator
1643 3814 1858 3866 semper
1893 3796 2177 3863 Augustus
2194 3839 2207 3860 ,
2244 3796 2666 3861 Marchionibus,
2706 3795 3008 3850 comitibus

343 3876 669 3945 cunctisque
706 3876 948 3947 populis,
1002 3894 1137 3945 quos
1176 3877 1494 3930 clementiae
1531 3879 1749 3930 nostrae
1787 3876 1932 3943 regit
1966 3876 2267 3945 imperium.
2344 3876 2587 3930 Salutem
2625 3880 2682 3930 et
2717 3876 2999 3943 gratiam.“

535 3957 628 4022 „In
665 3956 767 4020 die,
806 3974 912 4025 qua
951 3957 1017 4010 de
1054 3974 1217 4010 manu
1255 3956 1614 4011 sacratissimi
1650 3956 1825 4026 patris
1861 3957 2034 4009 nostri
2052 4000 2063 4021 ,
2119 3956 2326 4010 Summi
2363 3955 2644 4010 Pontificis
2663 3998 2676 4020 ,
2714 3956 3007 4026 recipimus

341 4035 560 4105 imperii
602 4035 864 4101 diadema,
903 4037 1216 4091 curavimus
1254 4037 1323 4090 ad
1358 4036 1459 4091 Dei
1496 4040 1553 4090 et
1590 4036 1853 4090 ecclesiae
1891 4053 2022 4090 suae
2058 4035 2315 4090 honorem
2341 4037 2498 4090 edere
2537 4038 2799 4106 quasdam
2837 4036 3007 4103 legeS,

342 4134 490 4187 quas
525 4116 583 4169 in
607 4116 884 4186 praesenti
907 4117 1109 4186 pagina
1140 4117 1405 4187 jussimus
1431 4116 1696 4181 annotari,
1734 4134 1830 4186 per
1853 4118 2029 4169 totum
2054 4121 2300 4170 nostrum
2324 4116 2610 4186 imperium
2634 4115 3004 4186 publicandas.

340 4197 458 4251 Per
493 4195 794 4266 imperialia
843 4196 999 4250 vobis
1036 4196 1242 4267 scripta
1292 4195 1668 4267 praecipiendo
1706 4197 2027 4250 mandamus
2043 4237 2056 4260 ,
2110 4200 2379 4264 quatenus
2416 4213 2509 4250 eas
2548 4196 2777 4265 quisque
2814 4194 3008 4249 literas

339 4278 409 4331 in
445 4294 542 4330 suo
582 4276 833 4331 districtu
871 4276 1323 4345 irrefragabiliter
1361 4279 1417 4330 et
1452 4276 1771 4331 inconcusse
1808 4278 2038 4330 servet.“

537 4356 651 4421 „Ad
689 4357 855 4410 decus
893 4359 950 4410 et
984 4356 1238 4410 honorem
1276 4356 1490 4427 imperii
1528 4361 1583 4410 et
1619 4357 1837 4410 laudem
1862 4356 2091 4409 Romani
2115 4355 2384 4426 Principis
2418 4354 2553 4408 nihil
2578 4354 2792 4407 omnino
2829 4354 3010 4421 magis

339 4434 569 4490 videtur
606 4437 891 4501 accedere,
943 4454 1107 4505 quam
1145 4440 1207 4490 ut
1223 4479 1237 4501 ,
1291 4436 1610 4506 expurgatis
1649 4436 1974 4504 quibusdam
2012 4435 2299 4501 erroribus,
2339 4438 2395 4489 et
2430 4434 2632 4503 iniquis
2670 4434 3007 4503 quorundam

339 4515 575 4570 statutis
624 4516 863 4586 penitus·
894 4516 1174 4571 destitutis
1190 4559 1204 4581 ‚
1257 4518 1323 4570 de
1362 4520 1575 4571 caetero
1612 4516 1861 4571 Ecclesia
1898 4515 2000 4570 Dei
2050 4516 2209 4586 plena
2260 4515 2441 4583 quiete
2495 4515 2686 4581 vigeat
2723 4517 2779 4567 et
2814 4531 3008 4567 secura

337 4596 588 4664 gaudeat
622 4596 890 4650 libertate.
965 4596 1106 4650 Sane
1141 4597 1274 4650 adeo
1311 4596 1606 4650 infidelium
1647 4597 1984 4665 quorundam
2021 4601 2077 4650 et
2111 4596 2432 4666 injustorum
2470 4594 2731 4662 iniquitas
2770 4595 3005 4648 abunda-

339 4675 432 4729 vit
446 4718 460 4740 ,
511 4678 575 4729 ut
609 4694 716 4729 non
754 4676 1002 4730 dubitent
1038 4680 1226 4731 contra
1262 4676 1631 4746 Apostolicam
1669 4676 2012 4746 disciplinam
2063 4679 2119 4729 et
2169 4693 2353 4729 sacros
2392 4692 2624 4729 canones
2662 4677 2869 4728 statuta
2907 4691 3009 4727 sua

338 4755 673 4823 confingere,
712 4760 901 4810 contra
939 4756 1340 4811 ecclesiasticas
1378 4774 1638 4826 personas
1677 4760 1734 4810 et
1771 4756 2034 4811 ecclesiae
2059 4755 2384 4809 libertatem.
2438 4754 2574 4809 Cum
2612 4772 2740 4823 ergo
2780 4753 3004 4825 disposi-
