3355 5328
396 316 498 372 140
1201 319 1338 373 Pars
1375 319 1442 373 ΙΙ.
1498 318 1859 375 Collectiones
1897 319 2264 376 decretalium.

392 475 714 558 venisset,
770 481 929 546 tunc
975 481 1057 545 ab
1103 480 1246 565 ipso
1292 482 1476 565 Papa
1523 483 1829 567 Greqorio
1876 481 1998 547 LX.
2049 484 2486 565 opportunum
2533 480 2890 546 remedium
2931 501 3040 564 pe-

390 574 531 654 tiit,
595 576 707 660 qui
763 577 832 642 in
889 578 1012 644 tali
1071 600 1227 645 casu
1274 579 1537 645 condita
1582 578 1852 663 speciali
1909 579 2377 645 constitutione
2422 578 2714 663 providit
2741 578 2783 644 ¹.
2874 577 3045 655 Quae

389 675 594 741 talem
641 676 1177 742 constitutionem
1222 677 1444 760 Papae
1493 679 1791 763 Greqorii
1837 677 1958 742 IX.
2010 676 2348 743 continent
2408 676 2629 760 capita
2683 676 2873 760 hujus
2918 676 3043 741 col-

390 773 711 853 lectionis,
761 794 840 839 ea
870 774 1299 858 Raymundus
1340 774 1725 859 simpliciter
1769 774 2101 858 inscripsit
2146 774 2450 840 vocibus:
2502 776 2849 861 Greyorius
2880 774 2995 841 IX.
3022 768 3048 812 ¹

1292 1020 1614 1109 CAPUT
1673 1021 2147 1109 TERTIUM.

396 1202 967 1301 Approbatio
1041 1214 1121 1276 et
1197 1203 1705 1301 publicatio
1785 1203 2368 1277 collectionis
2451 1200 3050 1276 decretalium

1247 1325 1543 1422 Papae
1600 1325 2031 1419 Gregorii
2087 1323 2223 1398 IX.

1386 1519 1425 1606 ξ
1473 1518 1570 1587 76.
1664 1520 2063 1588 Generatim.

576 1682 785 1758 Quam
846 1681 1295 1747 collectionem
1320 1732 1334 1760 ,
1397 1682 1495 1747 ita
1548 1703 1589 1747 a
1641 1682 2033 1766 Raymundo
2094 1682 2485 1748 adornatam
2505 1733 2522 1764 ,
2587 1681 2772 1765 Papa
2827 1683 3060 1766 Greyo-

397 1782 539 1845 rius
584 1780 707 1845 IX.
772 1780 1163 1862 approbavit
1223 1783 1291 1845 et
1349 1780 1711 1864 publicavit
1772 1800 2046 1862 eamque
2107 1780 2227 1844 sub
2272 1779 2485 1845 bulla:
2549 1781 2690 1845 Rex
2724 1780 3064 1865 pacifica&

398 1877 458 1944 d.
510 1878 568 1943 d.
605 1877 872 1960 Spoleti,
923 1877 1025 1942 die
1074 1880 1133 1944 5.
1177 1878 1354 1961 Sept.
1410 1881 1600 1957 1234,
1651 1879 1735 1943 ad
1777 1878 2217 1944 Parisiensem
2264 1881 2332 1944 et
2362 1877 2842 1943 Bononiensem
2866 1873 2893 1913 ³
2940 1897 3065 1942 nec

280 1968 286 1973 ’
396 1996 528 2041 non
575 1975 876 2058 deinceps
924 1976 1006 2040 ad
1053 1975 1217 2041 alias
1255 1975 1456 2041 etiam
1487 1975 1977 2042 Universitates
2004 1975 2031 2014 ⁴
2074 1975 2465 2055 transmisit,
2515 1997 2646 2041 non
2677 1975 2854 2041 forte
2891 1974 3063 2053 ideo,

396 2077 472 2140 ut
516 2073 661 2158 ipsa
707 2075 789 2139 ab
849 2073 978 2138 illis
1026 2074 1585 2140 Universitatibus
1649 2075 1837 2156 quasi
1898 2076 2379 2159 approbaretur
2425 2077 2493 2140 et
2539 2075 3066 2152 confirmaretur,

397 2172 512 2236 sed
559 2175 634 2236 ut
681 2172 763 2237 ab
809 2170 937 2236 illis
984 2171 1050 2236 in
1098 2172 1338 2237 scholis
1398 2176 1841 2255 exponeretur
1902 2176 1972 2239 et
2029 2172 2151 2238 tali
2209 2172 2467 2238 ratione
2513 2191 2631 2256 per
2674 2192 3067 2237 numerosos

397 2269 727 2334 scholares
772 2268 1011 2334 ibidem
1058 2269 1293 2335 studiis
1338 2266 1655 2336 vacantes
1711 2291 1866 2335 mox
1928 2291 2126 2353 quam
2184 2270 2472 2335 maxime
2531 2269 2986 2352 divulgaretur
3016 2267 3065 2347 ⁵,

396 2366 787 2450 insuperque
835 2366 1197 2445 constituit,
1247 2371 1322 2434 ut
1368 2389 1452 2433 ex
1483 2371 1641 2433 tunc
1670 2368 1853 2434 nulla
1897 2368 2176 2452 amplius
2218 2368 2704 2452 praedictarum
2735 2367 3067 2452 Compila-

393 2464 647 2530 tionum
694 2464 1130 2547 antiquarum,
1179 2465 1294 2530 sed
1341 2467 1483 2531 sola
1526 2467 1691 2531 haec
1735 2466 1804 2531 in
1843 2466 2106 2551 judiciis
2150 2470 2218 2533 et
2248 2467 2316 2532 in
2348 2466 2585 2532 scholis
2617 2465 3067 2544 adhiberetur,

396 2565 464 2628 et
509 2584 593 2627 ne
640 2562 784 2645 quis
847 2562 1047 2628 aliam
1105 2563 1474 2647 hujusmodi
1535 2564 1988 2630 collectionem
2037 2566 2284 2648 absque
2332 2563 2597 2649 speciali
2646 2564 2832 2630 Sedis
2877 2564 3069 2647 Apo-

396 2660 666 2727 stolicae
712 2659 981 2728 licentia
1027 2662 1350 2729 adornare
1395 2667 1868 2747 praesumeret.

457 2849 496 2936 ξ
545 2848 637 2917 77.
730 2851 925 2919 Bulla
971 2852 1468 2939 publicationis:
1517 2855 1690 2921 Rex
1734 2854 2205 2942 pacificus»,
2254 2854 2317 2920 d.
2366 2853 2430 2921 d.
2478 2851 2537 2919 5.
2588 2853 2765 2940 Sept.
2814 2848 2991 2919 1234.

579 3010 757 3088 Quae
804 3012 1000 3092 bulla,
1049 3013 1117 3078 in
1163 3013 1381 3080 fronte
1427 3014 1619 3098 hujus
1664 3013 2079 3080 Collectionis
2124 3013 2342 3098 posita
2366 3012 2411 3092 ⁶,
2458 3013 2757 3097 proxime
2804 3013 2886 3078 ad
2925 3013 3067 3080 Bo-

396 3109 775 3175 noniensem
821 3109 1344 3177 Universitatem
1392 3111 1659 3190 directa,
1708 3117 1904 3178 sonat
1949 3113 2369 3190 verbotenus,
2418 3114 2492 3177 ut
2538 3111 2865 3194 sequitur:

579 3278 596 3311 ¹
636 3275 699 3329 Id
737 3276 879 3344 quod
916 3275 1122 3346 pariter
1157 3276 1458 3345 Imperator
1495 3278 1847 3330 Justinianus
1885 3278 1929 3330 I.
1946 3316 1962 3345 ,
2015 3266 2142 3330 dum
2179 3277 2400 3344 Βέρβεια
2437 3276 2838 3330 adornabantur
2853 3319 2866 3341 ,
2906 3276 3065 3331 fecit.

400 3355 508 3409 cfr.
547 3356 692 3409 infra
730 3357 957 3427 append.
998 3374 1113 3426 cap.
1154 3356 1194 3409 I.
1235 3359 1337 3410 art.
1377 3357 1426 3410 3.
1465 3355 1498 3423 ἓ
1541 3357 1623 3410 15.

575 3438 593 3469 ²
631 3436 754 3491 Huc
803 3437 1077 3506 pertinent
1113 3455 1165 3491 v.
1205 3454 1259 3505 g.
1299 3454 1342 3490 c.
1386 3437 1469 3490 11.
1507 3437 1574 3491 Χ.
1598 3439 1601 3440 ’
1628 3436 1694 3489 de
1746 3437 2060 3491 consuetud.
2098 3436 2140 3490 I.
2179 3436 2260 3500 4.;
2308 3453 2352 3490 c.
2391 3436 2441 3490 2.
2481 3435 2549 3489 X.
2603 3437 2668 3490 de
2719 3437 2948 3491 ordinat.
2983 3438 3063 3491 ab

395 3516 557 3586 episc.
612 3516 705 3585 qui
753 3521 964 3571 renunt.
1004 3518 1043 3570 Ι.
1088 3517 1200 3581 13.;
1253 3534 1298 3570 c.
1337 3517 1423 3571 25.
1463 3517 1549 3571 26.
1588 3516 1654 3571 Χ.
1710 3517 1774 3570 de
1825 3520 1965 3571 sent.
2017 3519 2074 3570 et
2122 3535 2181 3570 re
2227 3515 2395 3587 judic.
2433 3516 2502 3571 H.
2542 3516 2658 3580 27.;
2711 3534 2756 3570 c.
2798 3518 2845 3571 7.
2883 3516 2949 3570 X.
2988 3517 3065 3571 de

395 3596 615 3650 conditt.
655 3614 838 3667 appOS.
877 3597 969 3651 IV.
1011 3598 1059 3651 5.
1073 3618 1085 3661 ;
1140 3616 1185 3652 c.
1226 3598 1275 3651 3.
1316 3597 1381 3650 X.
1422 3597 1487 3650 de
1524 3615 1731 3667 precar.
1770 3596 1864 3650 ΠΙ.
1908 3597 2020 3661 14.;
2073 3615 2118 3651 c.
2158 3615 2248 3651 un.
2285 3596 2353 3651 X.
2393 3597 2459 3651 de
2505 3597 2766 3652 commod.
2805 3597 2899 3651 111.
2942 3597 3065 3662 15.;

396 3693 440 3729 c.
480 3676 529 3729 2.
569 3675 634 3729 Χ.
675 3677 740 3729 de
778 3677 1003 3746 deposit.
1041 3677 1134 3732 III.
1179 3679 1291 3742 16.;
1330 3694 1374 3731 c.
1403 3677 1452 3731 3.
1478 3678 1529 3731 4.
1565 3677 1631 3731 X.
1672 3677 1738 3730 de
1775 3677 1935 3730 locat.
1978 3677 2223 3731 conduct.
2264 3676 2357 3731 111.
2398 3677 2481 3731 18.
2536 3676 2617 3730 De
2656 3680 2833 3731 cetero
2872 3680 3065 3731 autem

396 3773 466 3808 ex
501 3755 619 3809 sola
654 3755 758 3809 hac
794 3757 947 3810 brevi
985 3757 1333 3828 inscriptione
1352 3799 1364 3821 ,
1402 3756 1568 3811 alicui
1606 3757 1771 3827 capiti
1808 3757 2080 3827 praefixa,
2118 3758 2352 3811 nondum
2391 3759 2537 3811 certo
2577 3756 2823 3811 concludi
2858 3759 3065 3827 potest,

396 3838 559 3905 caput
595 3835 730 3888 illud
767 3835 1075 3907 hujusmodi
1115 3836 1556 3891 constitutionem
1593 3855 1692 3891 seu
1730 3836 2056 3891 decisionem
2093 3836 2276 3907 Papae
2319 3839 2576 3906 Greyorii
2611 3839 2712 3891 DI.
2751 3837 3064 3903 continere;

393 3914 653 3968 nonnulla
690 3915 831 3968 enim
870 3916 1049 3987 capita
1085 3917 1249 3987 hujus
1288 3916 1637 3981 collectioniS,
1674 3916 1806 3970 licet
1844 3916 2109 3987 ejusmodi
2146 3917 2368 3970 brevem
2405 3916 2814 3987 inscriptionem
2845 3920 3065 3985 gerant,

394 3998 579 4049 tamen
628 4012 736 4048 non
770 3995 940 4049 talem
992 3997 1433 4051 constitutionem
1484 4015 1582 4051 seu
1635 3996 1960 4050 decisionem
1997 3996 2180 4066 Papae
2220 3996 2469 4065 Gregorii
2504 3996 2597 4051 IX.
2621 4039 2634 4062 ,
2685 3998 2784 4052 sed
2822 3997 2938 4068 ejus
2973 4015 3065 4051 re·

393 4076 658 4145 scriptum
694 4092 793 4129 seu
830 4076 1156 4131 decretalem
1189 4078 1450 4131 referunt.
1506 4077 1616 4131 cfr.
1647 4078 1894 4145 Phillips,
1933 4076 2342 4141 Kirchenrecht,
2385 4080 2513 4132 tom.
2551 4077 2631 4131 IV
2635 4095 2654 4131 .’
2687 4095 2740 4147 p.
2781 4078 2901 4132 286.
2942 4094 3064 4145 sq.;

397 4157 627 4224 Schulte,
665 4153 765 4208 Die
805 4154 1128 4210 Geschichte
1167 4157 1262 4210 der
1300 4156 1542 4222 Quellen,
1580 4160 1709 4211 tom.
1749 4156 1816 4210 ΙΙ.
1857 4174 1907 4226 p.
1952 4157 2034 4210 11.

573 4235 594 4269 ³
635 4237 889 4305 Potthast,
928 4236 1169 4303 Regesta
1202 4235 1418 4290 Pontiff.
1452 4237 1680 4301 Romm.,
1720 4237 1801 4291 ed.
1859 4236 2035 4290 Berol.
2066 4237 2219 4300 1874,
2258 4236 2366 4290 vol.
2401 4237 2442 4290 I.
2469 4255 2521 4307 p.
2548 4237 2670 4291 826.
2708 4255 2759 4291 n.
2789 4237 2946 4292 9693.
2972 4254 3063 4307 sq.

570 4317 594 4352 4
631 4318 795 4370 Joan.
824 4318 1093 4385 Andreae,
1130 4316 1362 4370 Novella
1399 4320 1704 4381 comment,
1742 4316 1799 4369 in
1825 4315 2076 4383 Gregorii
2100 4315 2194 4370 IX.
2220 4316 2427 4370 bullam
2462 4316 2721 4387 publicat.
2757 4319 2875 4370 Rex
2901 4321 3064 4386 paci-

391 4397 536 4464 ficae,
574 4414 627 4449 v.
667 4396 785 4449 Rex
802 4438 815 4461 ,
861 4396 901 4449 Ι.
940 4414 992 4449 n.
1031 4397 1149 4449 47.:
1209 4396 1384 4461 „Dic,“
1442 4396 1648 4465 inquit,
1714 4398 1887 4465 „quod
1938 4396 2095 4467 plura
2147 4395 2396 4467 exempla
2444 4396 2608 4467 hujus
2648 4396 3064 4467 Compilationis

392 4476 461 4529 ad
498 4475 740 4529 solennia
776 4476 958 4530 studia
995 4475 1164 4529 missa
1200 4476 1469 4529 fuerunt.“
1528 4476 1636 4530 Cfr.
1666 4478 1897 4545 Schiche,
1935 4476 2036 4530 Die
2064 4475 2390 4531 Geschichte
2430 4477 2524 4530 der
2548 4475 2792 4542 Quellen‚
2830 4480 2959 4531 tom.
2985 4477 3061 4532 IL

392 4572 443 4624 p.
484 4556 532 4608 7.
571 4574 622 4609 n.
666 4557 747 4611 13.

573 4639 592 4670 ⁵
631 4637 866 4705 Schiche,
919 4636 1020 4690 Die
1058 4635 1231 4690 Lehre
1269 4654 1377 4690 von
1416 4637 1521 4690 den
1558 4635 1789 4702 Quellen
1826 4637 1922 4691 des
1958 4636 2110 4691 kath.
2150 4636 2601 4702 KirchenrechtS,
2656 4654 2706 4706 p.
2747 4637 2867 4691 341.
2946 4636 3065 4693 Cfr.

395 4730 561 4784 supra
598 4732 649 4783 p.
693 4716 810 4769 112.

573 4795 594 4830 ὃ
631 4795 692 4847 In
725 4795 957 4849 editione
985 4796 1234 4866 Corporis
1254 4797 1362 4867 jur.
1389 4814 1506 4850 can.
1534 4815 1604 4850 ex
1627 4813 1835 4850 recens.
1864 4799 2011 4850 Petri
2048 4800 2105 4851 et
2129 4799 2417 4851 Francisci
2450 4798 2682 4852 fratrum
2709 4799 3062 4852 Pithoeorum
