3355 5328
1397 309 1576 363 Sectio
1612 309 1707 363 IV.
1759 308 1793 376 ἕ
1834 309 1952 362 127.
2896 306 2999 360 193

338 471 797 567 collect‘ymum
843 470 1267 537 decretalium
1318 470 1731 536 Summorum
1776 470 2187 549 Pontificum,
2235 470 2386 535 inde
2433 491 2475 536 a
2524 471 2829 556 Greyorio
2872 470 2994 537 IX.

335 591 542 652 usque
590 569 675 636 ad
713 569 1127 652 Bonifacium
1171 568 1352 634 VIH.
1404 567 1893 646 adornatarum,
1939 568 2207 652 insu-per
2254 568 2456 633 etiam
2485 568 2796 650 Regestis
2826 567 3000 633 Pon-

336 669 585 735 tificum
638 668 894 734 Romm.
957 669 1234 752 Auqus‘ti
1292 667 1581 732 Potthast
1640 671 1710 733 et
1770 666 1917 732 aliis
1978 667 2283 750 operibus
2341 665 2684 733 litterariis
2745 665 3002 731 collatis

336 770 599 833 textum
646 764 948 832 editionis
993 765 1332 830 Romanae
1378 763 1710 846 integrum
1759 765 2053 830 exhibuit
2071 815 2086 843 ‚
2148 768 2350 847 atque
2396 766 2515 830 sub
2564 785 2642 830 eo
2688 764 2757 828 in
2800 784 3000 847 pecu-

336 864 606 931 liaribus
651 864 828 930 notis
845 914 860 942 ‚
909 884 1073 947 quas
1119 862 1411 945 signavit
1456 866 1773 947 numeris,
1821 862 2157 929 variantes
2202 862 2536 942 lectioneS‚
2586 884 2623 928 e
2670 862 2999 927 codicibus

337 984 492 1029 mss.
541 962 721 1028 Libri
768 962 954 1027 Sexti
998 961 1273 1026 haustas
1290 1010 1305 1039 ,
1368 963 1437 1026 et
1481 960 1552 1025 in
1597 960 1744 1026 aliis
1763 1010 1777 1039 ,
1841 961 2074 1044 quibus
2120 964 2365 1027 litteras
2410 960 2717 1045 praefixit
2735 1011 2751 1039 ‚
2800 959 3000 1042 origi-

337 1060 560 1126 narias
617 1059 935 1126 lectiones
991 1058 1253 1125 illarum
1315 1058 1741 1125 decretalium
1802 1064 1871 1126 et
1930 1058 2470 1125 constitutionum
2517 1058 2999 1144 pontificiarum

340 1158 635 1236 adduxit,
685 1178 722 1222 e
769 1157 1001 1240 quibus
1045 1156 1429 1240 Bonifacius
1474 1157 1654 1223 VIII.
1708 1157 1938 1222 eadem
1985 1156 2204 1241 capita
2251 1156 2668 1223 concinnavit
2696 1155 2736 1223 ¹.

516 1263 836 1347 Reliquae
882 1263 1205 1330 editiones
1248 1262 1522 1328 inferius
1541 1314 1557 1341 ,
1618 1285 1819 1346 quum
1867 1264 1946 1330 de
1994 1263 2385 1330 editionibus
2444 1264 2651 1331 totius
2698 1262 3002 1347 Corporis

334 1362 501 1446 juris
549 1361 844 1427 canonici
890 1382 1104 1427 sermo
1152 1360 1297 1440 erit,
1345 1362 1901 1429 memorabuntur.

1259 1601 1580 1689 CAPUT
1636 1600 2069 1689 SEXTUM.

343 1782 872 1855 Hodiernus
940 1782 1204 1856 valor
1271 1782 1521 1855 Libri
1578 1782 1835 1855 Sexti
1899 1782 1987 1853 in
2061 1805 2384 1876 genere
2452 1790 2532 1854 et
2602 1780 3002 1878 singulo-

400 1930 620 2000 rum,
682 1904 1042 2001 quaein
1100 1928 1192 1977 eo
1247 1904 1862 1999 continentur,
1921 1904 2014 1975 in
2069 1904 2383 2002 specie.
2463 1903 2952 2001 Praecipui

861 2026 1467 2100 commentarii
1519 2026 1609 2099 in
1663 2026 2035 2099 Librum
2090 2025 2482 2099 Sextum.

230 2229 235 2234 '
345 2223 384 2309 ξ
431 2220 562 2290 127.
653 2223 1023 2291 Hodiernus
1071 2224 1260 2291 valor
1304 2223 1487 2290 Libri
1537 2223 1720 2290 Sexti
1779 2223 1850 2289 in
1909 2242 2157 2310 genere
2220 2224 2288 2291 et
2336 2223 2778 2310 singulorum,
2837 2243 3006 2311 quae

1123 2331 1194 2397 in
1241 2350 1316 2398 eo
1366 2331 1809 2409 continentur,
1855 2331 1925 2397 in
1974 2331 2211 2417 specie.

526 2490 987 2557 Characterem
1034 2513 1222 2556 suum
1270 2492 1714 2574 originarium,
1764 2513 1964 2577 supra
2010 2491 2073 2574 (ἓ
2127 2492 2303 2575 118.)
2352 2492 2723 2576 expositum
2741 2542 2755 2571 ,
2811 2491 3009 2557 Liber

351 2587 591 2654 Sextus
637 2593 955 2673 tanquam
1003 2590 1300 2656 collectio
1347 2590 1620 2656 retinuit
1666 2612 1871 2675 usque
1920 2590 2004 2655 ad
2048 2590 2220 2655 hunc
2266 2591 2457 2656 diem.

526 2687 708 2763 Quod
755 2693 978 2754 autem
1025 2693 1285 2774 spectat
1331 2691 1416 2755 ad
1463 2679 1723 2772 singula
1770 2690 1910 2773 ejus
1957 2693 2202 2775 capita,
2263 2691 2496 2755 horum
2556 2689 2781 2772 utique
2826 2689 3002 2754 haud

346 2782 558 2870 pauca
617 2808 922 2853 successu
980 2788 1296 2872 temporis
1345 2788 1483 2854 sive
1532 2810 1568 2854 e
1613 2792 1758 2854 toto
1779 2839 1793 2867 ‚
1858 2787 1997 2853 sive
2045 2809 2081 2853 e
2126 2792 2317 2872 parte
2377 2788 2638 2854 sublata
2684 2791 2838 2853 sunt
2857 2839 2871 2867 ‚
2937 2791 3008 2853 et

348 2883 608 2966 quidem
653 2885 885 2951 iisdem
931 2886 1314 2964 rationibuS‚
1365 2887 1595 2969 quibus
1641 2887 1832 2970 plura
1877 2886 2095 2970 capita
2127 2885 2527 2952 collectionis
2562 2885 3012 2968 Gregorianae

346 2981 445 3048 ita
491 2984 754 3049 sublata
801 3004 946 3049 esse
994 3005 1193 3068 supra
1241 2983 1304 3066 (ἓ
1355 2983 1489 3067 88.)
1538 2983 2035 3049 observavimus
2062 2980 2105 3050 ².

527 3081 752 3160 Porro,
803 3104 1003 3165 quum
1048 3081 1243 3147 Liber
1287 3082 1528 3148 Sextus
1575 3083 1663 3148 sit
1711 3082 2007 3148 collectio
2049 3082 2216 3166 juris
2262 3081 2522 3166 publica
2568 3103 2685 3147 seu
2732 3083 3012 3148 authen-

347 3179 501 3258 tica,
550 3183 738 3263 patet
756 3231 770 3258 ‚
819 3181 887 3245 in
931 3181 1473 3264 interpretatione
1521 3180 1927 3262 singulorum
1975 3182 2114 3264 ejus
2161 3180 2449 3264 capitum
2496 3183 2564 3245 et
2612 3180 3012 3246 determina-

348 3277 528 3342 tione
575 3281 842 3343 mutuae
890 3299 1115 3343 eorum
1162 3278 1500 3344 relationis
1559 3301 1691 3344 non
1750 3300 1944 3363 posse
2006 3278 2320 3363 applicari
2367 3282 2747 3344 consuetam
2803 3279 3009 3344 inter-

349 3374 741 3459 pretationis
786 3377 1117 3458 regulam:
1167 3380 1266 3443 lex
1300 3379 1619 3463 posterior
1666 3380 1925 3462 deroqat
1958 3381 2208 3463 priori,
2258 3397 2335 3441 eo
2384 3376 2556 3460 quod
2604 3376 2822 3441 omnia
2869 3377 3012 3461 ejus

351 3472 572 3557 capita
617 3473 810 3538 simul
856 3496 985 3539 uno
1034 3475 1391 3558 eodemque
1436 3479 1769 3541 momento
1816 3476 2111 3540 valorem
2165 3474 2332 3556 legis
2393 3473 2847 3553 obtinuerunt,
2910 3473 3010 3538 ni-

349 3570 587 3636 mirum
632 3575 809 3650 tunc,
860 3594 1058 3655 quum
1105 3574 1335 3639 eadem
1383 3574 1679 3640 collectio
1726 3573 2190 3658 publicaretur,
2239 3571 2547 3637 videlicet
2578 3571 2681 3636 die
2715 3574 2774 3638 3.
2809 3572 3010 3638 Mart.

355 3671 561 3747 12983
625 3691 827 3753 quare
887 3671 1062 3737 inter
1118 3672 1234 3737 illa
1290 3672 1414 3737 hoc
1472 3676 1779 3757 respectu
1839 3673 2043 3737 ullum
2105 3670 2452 3735 discrimen
2510 3669 2825 3754 temporis
2880 3692 3014 3736 non

353 3767 579 3846 datur,
640 3768 1186 3850 quemadmodum
1230 3769 1297 3834 id
1354 3770 1556 3836 etiam
1603 3771 1684 3835 de
1732 3769 2054 3854 capitibus
2114 3768 2515 3834 collectionis
2564 3768 3012 3851 Gregorianae

353 3865 607 3931 obtinet
653 3866 799 3948 (cfr.
850 3889 1050 3951 supra
1097 3867 1131 3949 ἓ
1181 3867 1336 3951 90.).

532 3972 717 4039 Circa
761 3974 1219 4059 inscriptiones
1267 3979 1335 4041 et
1381 3976 1737 4042 summaria
1769 3975 2077 4060 capitum,
2126 3975 2301 4039 circa
2331 3974 2624 4040 rubricas
2670 3974 3012 4041 titulorum

355 4074 423 4136 et
467 4070 757 4153 glossam
803 4072 982 4138 Libri
1031 4074 1217 4140 Sexti
1273 4074 1667 4139 ordinariam
1721 4074 1883 4139 item
1930 4074 2159 4139 eadem
2203 4072 2432 4137 valent
2450 4123 2464 4151 ,
2522 4093 2689 4154 quae
2734 4073 2859 4137 hoc
2902 4093 3011 4137 re-

355 4173 585 4252 spectu
631 4191 831 4254 supra
878 4170 942 4253 (ἓ
992 4174 1096 4238 92.
1146 4172 1316 4255 sqq.)
1366 4173 1446 4238 de
1493 4172 1878 4239 collectione
1928 4170 2336 4254 Gregoriana
2383 4171 2558 4237 dicta
2604 4174 2775 4236 sunt.

536 4384 554 4418 ¹
593 4381 803 4436 Textus
838 4381 990 4436 Libri
1025 4382 1210 4448 Sexti,
1262 4383 1330 4437 ab
1369 4401 1431 4436 eo
1469 4385 1693 4437 curatus
1708 4424 1723 4448 ,
1775 4382 2068 4449 evulgatus
2106 4383 2193 4435 est
2226 4380 2284 4434 in
2320 4383 2460 4450 part.
2498 4380 2566 4433 ΙΙ.
2607 4378 2858 4449 Corporis
2901 4378 3010 4449 jur.

355 4479 500 4526 can„
539 4462 621 4515 ed.
659 4461 806 4531 Lips.
845 4462 982 4517 1879
1027 4480 1147 4532 sqq.
1211 4462 1293 4516 De
1329 4462 1539 4517 ratione
1575 4462 1740 4533 hujus
1778 4461 2030 4516 editionis
2067 4461 2193 4515 vide
2229 4460 2410 4530 ipsum
2447 4461 2771 4529 Friedbery,
2821 4459 2878 4512 in
2918 4459 3010 4512 cit.

357 4540 512 4612 Corp.
546 4541 653 4612 jur.
693 4560 810 4596 can.
849 4546 989 4613 part.
1026 4544 1095 4598 II.
1133 4544 1376 4614 prolegg.
1416 4544 1516 4598 col.
1554 4543 1666 4596 LII.
1706 4560 1827 4612 sqq.

536 4631 555 4663 ²
593 4630 683 4685 Sic
719 4649 772 4685 v.
812 4649 865 4699 g.
905 4649 951 4685 c.
990 4651 1079 4686 un.
1120 4633 1186 4686 de
1223 4650 1403 4702 spons.
1441 4633 1499 4685 in
1534 4632 1685 4687 Sext.
1723 4633 1818 4686 IV.
1857 4632 1897 4686 I.
1949 4633 2218 4685 mutatum
2259 4632 2346 4684 est
2394 4646 2492 4699 per
2530 4628 2731 4682 Concil.
2769 4628 3012 4682 Trident.

354 4728 491 4765 sess,
528 4710 726 4765 XXIV.
780 4713 846 4765 de
894 4713 1112 4766 reform.
1163 4712 1398 4767 matrim.
1455 4730 1571 4782 cap.
1612 4714 1692 4777 3.;
1747 4712 1881 4766 item
1933 4729 2086 4782 capp.
2129 4711 2301 4765 1.—3.
2360 4710 2425 4763 de
2476 4712 2691 4776 cognat.
2743 4708 2917 4779 spirit.
2956 4707 3012 4761 in

355 4792 505 4846 Sext.
544 4791 639 4845 IV.
679 4793 728 4846 3.
766 4810 864 4862 per
901 4793 1141 4863 ejusdem
1181 4793 1381 4847 Concil.
1418 4792 1564 4847 Trid.
1603 4793 1638 4847 l.
1680 4811 1725 4847 c.
1766 4811 1883 4863 cap.
1921 4793 1972 4846 2.

460 4890 707 4936 Laium,
743 4891 922 4939 Corpus
945 4891 1038 4938 jur.
1067 4900 1166 4929 can.
2530 4882 2594 4931 13
