3355 5328
392 316 500 373 250
999 319 1303 389 Appendix.
1377 319 1712 374 Introductio
1748 319 1806 373 in
1843 318 1984 389 Coi-p
2014 318 2121 389 jur.
2161 317 2265 372 civ.
2304 335 2436 371 rom.

604 474 742 552 IH.,
793 475 872 538 de
917 475 1103 540 rebus
1150 473 1266 556 (sc.
1316 476 1595 559 creditis,
1644 474 1685 542 i.
1736 495 1793 541 e.
1843 474 1925 539 de
1970 473 2227 557 mutuo)
2257 475 2299 554 ¹,
2345 473 2455 541 lib.
2503 472 2955 549 XII.-XIX.;

601 571 739 649 IV.,
788 571 914 636 dici
960 571 1158 638 solita
1211 572 1543 639 umbilicus
1587 574 2069 639 Pandectarum
2116 570 2206 654 (τὸ
2254 569 2428 652 μέσον
2472 572 2570 630 τοῦ
2615 568 2882 653 παντός),
2946 569 3062 636 lib.

632 767 736 846 V.,
787 769 867 832 de
911 772 1295 834 testamentis
1322 767 1366 852 ²,
1415 768 1523 835 lib.
1572 767 2305 845 XXVIII.—XXXVI.;

608 865 723 931 VI.
790 864 898 931 lib.
946 866 1620 945 XXXVH.—XLIV.,
1670 872 1740 934 et

571 963 716 1029 VH.
783 963 893 1029 lib.
940 963 1326 1043 XLV.—L.,
1375 965 1558 1049 cujus
1604 965 1818 1048 partis
1863 965 2031 1030 liber
2073 963 2336 1029 XLVII.
2357 1013 2372 1041 ‚
2421 983 2627 1044 agens
2675 963 2755 1027 de
2801 961 3064 1028 delictis

392 1060 691 1144 privatis,
727 1065 795 1127 et
824 1060 991 1126 liber
1022 1056 1338 1141 XLVIH.‘,
1375 1063 1456 1127 de
1488 1062 1745 1129 delictis
1776 1061 2052 1147 publicis
2082 1060 2512 1146 praecipienS,
2547 1060 2720 1144 apud
2752 1059 3065 1142 antiquos

386 1159 890 1242 jurisconsultos
936 1159 1087 1224 libri
1132 1162 1445 1225 terribiles
1492 1160 1617 1225 dici
1664 1162 1900 1227 solent.

575 1257 966 1323 Glossatores
1025 1262 1248 1324 autem
1301 1258 1468 1341 juris
1526 1258 1784 1324 romani
1842 1258 2179 1324 Bononiae
2239 1279 2410 1324 saec.
2458 1257 2602 1323 XII.
2655 1255 2933 1339 Digesta
2990 1255 3064 1321 in

394 1364 523 1421 tres
556 1364 782 1441 partes
829 1354 1291 1433 distinxerunt,
1340 1377 1615 1439 quarum

575 1454 626 1519 Ι.
677 1453 971 1518 excurrit
1014 1453 1166 1519 inde
1213 1453 1296 1518 ab
1341 1453 1529 1520 initio
1571 1454 1998 1536 Digestorum
2043 1475 2250 1536 usque
2298 1455 2381 1520 ad
2428 1453 2538 1520 lib.
2583 1453 2819 1519 XXIV.
2852 1452 2958 1519 tit.
2995 1455 3059 1518 2.

392 1551 564 1629 incl.,
613 1555 682 1617 et
728 1550 905 1618 dicta
951 1556 1054 1617 est
1098 1553 1428 1637 Diqestum
1473 1561 1663 1618 vetus,

572 1648 737 1713 Pars
782 1649 865 1715 H.
923 1648 1243 1732 pertingit
1297 1649 1448 1715 inde
1494 1672 1535 1716 a
1580 1650 1690 1716 lib.
1738 1651 1976 1717 XXIV.
2038 1650 2144 1718 tit.
2195 1652 2256 1716 3.
2306 1671 2511 1732 usque
2558 1649 2643 1714 ad
2689 1651 2886 1714 finem
2944 1647 3058 1715 lib.

390 1747 755 1812 XXXVIH.
776 1796 791 1825 ,
841 1751 910 1813 et
958 1747 1195 1813 dicitur
1241 1748 1658 1830 Infertiatum
1706 1747 1823 1830 (sc.
1873 1747 2255 1834 Diqestum).
2334 1749 2423 1814 Et
2468 1746 2751 1832 primum
2797 1746 3062 1829 quidem

391 1865 548 1928 pars
579 1844 694 1910 illa
726 1845 1207 1911 extendebatur
1251 1845 1403 1910 inde
1450 1867 1491 1911 a
1533 1846 1643 1912 lib.
1679 1846 1915 1912 XXIV.
1964 1846 2069 1912 tit.
2106 1849 2166 1912 3.
2215 1845 2672 1913 tantummodo
2719 1865 2926 1926 usque
2974 1844 3063 1910 ad

392 1942 500 2008 lib.
549 1943 815 2010 XXXV.
862 1943 967 2010 tit.
1003 1947 1063 2010 2.
1112 1943 1279 2026 legis
1314 1946 1418 2010 82.
1468 1945 1708 2009 verba:
1756 1948 1828 2010 in
1874 1952 2172 2030 quattuor
2205 1953 2431 2030 partes
2480 1945 2861 2009 dividantur
2904 1942 3058 2009 incl.

393 2041 636 2106 Postea
682 2046 903 2108 autem
952 2042 1011 2106 ei
1057 2042 1352 2107 additum
1391 2045 1495 2109 est
1539 2042 1625 2121 id,
1674 2043 1849 2124 quod
1893 2042 1963 2107 in
2009 2042 2187 2109 dicta
2231 2043 2273 2108 l.
2311 2043 2415 2108 82.
2464 2044 2617 2125 post
2661 2041 2777 2105 illa
2819 2041 3058 2106 verba:

392 2142 461 2204 in
509 2147 805 2224 quattuor
838 2150 1064 2226 partes
1099 2143 1496 2225 dividantur,
1544 2141 1843 2225 proxime
1890 2141 2206 2222 sequitur,
2256 2140 2594 2205 nimirum:
2653 2140 2805 2204 Tres
2831 2147 3062 2224 partes

386 2236 608 2320 ferant
654 2240 949 2322 leyatarii
995 2241 1120 2305 etc.
1182 2259 1390 2320 usque
1437 2239 1521 2303 ad
1567 2240 1764 2304 finem
1810 2238 1919 2305 lib.
1968 2238 2333 2304 XXXVIII.
2381 2237 2531 2303 incl.
2560 2236 2587 2277 ³
2678 2236 2860 2313 Quae
2914 2258 3060 2302 am-

389 2334 620 2419 pliatio
665 2334 1011 2419 praefatae
1070 2335 1282 2420 partis
1328 2336 1753 2419 Digestorum
1813 2338 2140 2402 secundae
2199 2336 2266 2401 in
2327 2357 2528 2401 causa
2587 2334 2746 2413 fuit,
2808 2338 2885 2400 ut
2943 2333 3060 2399 illa

390 2454 566 2517 pars,
614 2433 712 2498 ita
757 2433 1093 2517 ampliata,
1141 2434 1448 2498 nimirum
1497 2437 1822 2517 quatenus
1867 2435 2019 2501 inde
2066 2458 2107 2501 a
2154 2435 2263 2501 lib.
2311 2434 2549 2500 XXIV.
2597 2433 2701 2500 tit.
2738 2436 2798 2499 3.
2847 2453 3060 2515 usque

391 2531 476 2595 ad
520 2532 717 2596 finem
749 2530 858 2597 lib.
892 2531 1253 2598 XXXVIII.
1288 2532 1627 2616 pertingit,
1679 2532 1857 2599 dicta
1895 2534 1983 2599 sit
2015 2534 2452 2617 Infertiatum,
2500 2532 2541 2599 i.
2578 2553 2634 2598 e.
2670 2530 3060 2615 ampliatum

392 2648 508 2694 seu
555 2632 820 2696 auctum
867 2628 1203 2712 (subaudit
1251 2631 1630 2716 Diyestum).

570 2728 864 2794 Tandem
918 2729 1343 2809 Digestorum

572 2847 728 2910 pars
773 2827 889 2892 III.
940 2827 1397 2911 complectitur
1442 2827 1765 2910 reliquum
1810 2828 2255 2910 Digestorum,
2303 2827 2614 2894 videlicet
2659 2827 2810 2892 inde
2857 2847 2899 2891 a
2943 2826 3055 2893 lib.

388 2923 684 2989 XXXIX.
734 2944 941 3006 usque
988 2925 1072 2990 ad
1117 2925 1226 2992 lib.
1274 2927 1370 3004 L.,
1421 2929 1490 2993 et
1537 2926 1909 3011 appellatur
1954 2928 2287 3011 Diqestum
2334 2948 2564 2992 novum
2588 2926 2633 2992 ⁴.

568 3021 746 3097 Quae
795 3022 1026 3088 divisio
1074 3024 1498 3106 Digestorum
1556 3025 1704 3090 ideo
1764 3024 1983 3091 notari
2046 3025 2239 3090 debet
2258 3075 2272 3103 ,
2335 3024 2491 3106 quia
2548 3024 2617 3089 in
2664 3021 3059 3089 editionibus

389 3118 815 3200 Digestorum
859 3123 1151 3205 qlossatis
1198 3122 1554 3188 observata
1601 3125 1724 3189 est.

879 3318 919 3405 ξ
966 3316 1057 3387 16.
1149 3321 1612 3390 Institutiones
1657 3323 2088 3410 Imperatoris
2135 3322 2180 3389 J
2182 3322 2501 3389 ustiniani
2522 3322 2569 3388 ⁵.

568 3481 781 3558 Quum
845 3482 1125 3564 Digesta
1187 3484 1331 3546 tum
1393 3486 1666 3565 propter
1730 3504 1917 3548 suam
1981 3481 2477 3566 amplitudinem
2500 3531 2515 3560 ,
2579 3484 2723 3547 tum
2785 3484 3062 3564 propter

391 3601 581 3645 suam
614 3579 1127 3663 dispositionem,
1170 3578 1583 3661 potissimum
1614 3580 1865 3646 forensi
1895 3580 2088 3665 praxi
2119 3579 2700 3658 accommodatam,
2748 3578 3061 3644 studiosis

390 3771 440 3807 a.
472 3754 610 3807 1664
648 3771 719 3807 ex
755 3752 972 3807 officina
1009 3750 1400 3816 Elzevirorum‚
1438 3750 1496 3804 in
1520 3751 1594 3816 8⁰,
1632 3752 1800 3806 habet
1834 3751 2105 3820 insignem
2147 3769 2384 3805 errorem
2422 3751 2560 3823 typi,
2597 3751 2881 3806 nimirum:
2919 3751 3060 3807 Pars

391 3834 675 3887 secundus.

570 3918 584 3947 ¹
623 3912 829 3967 Habita
863 3912 1075 3967 ratione
1112 3911 1206 3966 lib.
1245 3912 1365 3965 XII.
1405 3910 1490 3966 tit.
1534 3911 1599 3976 1.,
1636 3911 1916 3982 inscripti:
1955 3914 2039 3966 De
2075 3913 2233 3965 rebus
2270 3914 2502 3966 creditis.

565 3993 587 4027 ²
623 3991 929 4046 Secundum
966 3991 1060 4046 lib.
1099 3991 1353 4046 XXVIII.
1393 3991 1477 4046 tit.
1521 3992 1567 4045 1.
1606 3990 1907 4045 rubricam:
1960 3990 2095 4057 „Qui
2130 3993 2464 4045 testamenta
2499 3991 2682 4046 facere
2718 3993 2964 4062 possunt,
3003 3993 3061 4044 et

386 4071 836 4141 quemadmodum
871 4075 1205 4126 testamenta
1247 4071 1431 4126 fiunt.⁴‘

564 4153 586 4188 ⁸
622 4151 772 4217 Quae
809 4151 978 4206 sectio
995 4194 1008 4216 ,
1060 4151 1186 4205 inde
1228 4169 1261 4205 a
1300 4151 1487 4206 citatis
1523 4151 1780 4205 vocibus:
1845 4153 1977 4205 Tres
2002 4158 2193 4220 partes
2227 4153 2415 4217 ferant
2454 4153 2707 4219 leqatarii
2742 4154 2845 4205 etc.
2882 4168 3058 4220 usque

386 4232 456 4285 ad
492 4232 653 4285 finem
690 4232 783 4286 lib.
818 4231 1121 4286 XXXVIII.
1161 4231 1498 4302 pertingenS‚
1537 4232 1683 4302 apud
1720 4231 1974 4300 antiquos
2006 4230 2426 4301 jurisconsultos
2463 4239 2570 4284 tres
2595 4239 2788 4300 partes
2821 4235 3060 4286 minores

389 4312 483 4366 vel
540 4320 648 4365 tres
687 4321 878 4381 partes
932 4329 1098 4365 sensu
1155 4311 1415 4366 strictiori
1465 4311 1574 4366 dici
1627 4311 1784 4366 solet.
1873 4311 1983 4365 cfr.
2038 4312 2350 4379 Mackeldey
2367 4351 2384 4379 ,
2438 4310 2726 4365 Lehrbuch
2777 4312 2872 4366 des
2921 4319 3057 4366 rom.

392 4391 616 4457 Rechts,
653 4394 783 4447 tom.
821 4393 863 4446 I.
901 4411 954 4463 p.
997 4392 1114 4469 1053.
1154 4391 1187 4458 ἕ
1229 4392 1347 4446 100.

564 4474 588 4509 ⁴
626 4472 776 4537 Quae
812 4471 985 4526 fuerit
1019 4471 1186 4541 hujus
1236 4471 1522 4526 divisionis
1573 4475 1629 4526 et
1667 4471 2120 4526 denominationis
2156 4470 2507 4539 Digestorum
2545 4488 2711 4525 causa
2726 4512 2741 4537 ‚
2789 4470 2918 4525 vide
2957 4473 3060 4526 Sa-

384 4555 561 4621 viyny,
601 4551 928 4607 Geschichte
967 4553 1062 4606 des
1099 4559 1233 4605 rom.
1274 4552 1480 4606 Rechts
1516 4552 1593 4606 im
1624 4552 1968 4617 Mittelalter,
2005 4555 2134 4606 tom.
2173 4551 2269 4605 III.
2307 4569 2358 4621 p.
2397 4552 2521 4604 422.
2559 4568 2698 4620 sqq„
2735 4551 3060 4621 praesertim

383 4649 437 4702 p.
462 4632 586 4686 430.
614 4650 725 4701 sq.;
764 4634 1003 4701 Krayer,
1042 4632 1373 4686 Geschichte
1412 4633 1507 4687 der
1534 4632 1763 4698 Quellen
1799 4651 1851 4687 u.
1878 4631 2180 4686 Litteratur
2206 4631 2303 4685 des
2327 4638 2460 4685 rom.
2487 4630 2708 4696 Rechts,
2745 4649 2798 4701 p.
2826 4630 2947 4686 382.
2975 4650 3057 4701 sq.

566 4714 587 4746 ⁵
623 4714 933 4781 Mackeldey
957 4712 993 4766 l.
1021 4730 1066 4766 c.
1103 4730 1154 4782 p.
1179 4713 1262 4766 72.
1285 4730 1435 4781 sqq.;
1474 4714 1699 4782 Puchta,
1728 4712 1933 4766 Cursus
1960 4712 2055 4766 der
2073 4710 2478 4775 Institutionen,
2504 4714 2634 4765 tom.
2653 4712 2695 4765 Ι.
2721 4729 2774 4781 p.
2794 4711 2917 4765 396.
2944 4728 3057 4783 sq.;

388 4791 675 4861 Karlm,
712 4791 1003 4846 Romische
1039 4791 1580 4860 Rechtsgeschichte,
1618 4795 1748 4846 tom.
1787 4792 1829 4846 Ι.
1868 4810 1920 4862 p.
1960 4792 2113 4848 1014.
2142 4809 2291 4861 sqq.;
2330 4792 2551 4859 Km‘lyer
2586 4791 2621 4845 l.
2661 4808 2706 4845 c.
2744 4809 2796 4861 p.
2825 4791 2947 4847 340.
2973 4808 3056 4860 sq.
