3355 5328
1385 343 1564 399 Sectio
1600 345 1667 399 Π.
1721 344 1754 412 ἓ
1793 346 1877 399 75.
2862 353 2964 408 137

299 505 409 570 vel
447 506 586 589 J‘am
629 504 974 588 antiquata
1003 506 1113 570 vel
1157 505 1307 584 illis,
1356 512 1525 588 quae
1571 506 1966 572 assumenda
1997 507 2269 586 censuit,
2319 508 2620 590 aequalia
2651 513 2767 576 aut
2798 532 2959 577 vero

302 603 637 670 contraria
671 607 882 682 erant,
918 604 1000 669 de
1029 604 1262 685 regula
1290 607 1438 670 tota
1467 604 1915 688 praetermisit
1938 602 1979 671 ¹.
2031 604 2273 681 Quodsi
2296 606 2558 688 aliquod
2588 611 2805 691 caput,
2830 609 2967 692 juri

296 705 457 769 tunc
501 701 756 784 vigenti
803 693 1204 768 contrarium
1223 752 1237 780 ,
1304 706 1576 786 propter
1622 702 1909 785 aliquam
1956 724 2222 768 causam
2281 712 2473 770 totum
2519 707 2964 789 praetermitti

296 799 474 864 haud
533 799 727 865 facile
785 820 979 883 posse
1039 801 1319 884 putabat
1337 850 1351 879 ,
1412 804 1572 866 tunc
1630 801 1740 865 vel
1783 801 2204 871 solummodo
2267 801 2449 867 illam
2495 804 2636 887 ejus
2681 809 2959 887 partem,

297 918 430 980 qua
473 901 655 964 recte
698 897 866 963 haec
904 897 1340 964 contrarietas
1374 898 1851 977 continebatur,
1900 902 2111 964 omisit
2134 895 2181 984 ²,
2229 899 2337 965 vel
2382 900 2526 968 loco
2567 901 2707 985 ejus
2740 901 2958 982 aliam,

299 1016 471 1078 quae
511 995 642 1079 juri
685 1000 845 1062 tunc
889 995 1145 1078 vigenti
1192 999 1604 1077 congrueret,
1653 996 2003 1062 collocavit
2031 994 2074 1062 ³.

478 1094 682 1159 Porro
729 1093 1099 1175 generatim
1145 1112 1182 1157 e
1228 1093 1505 1175 singulis
1553 1093 1898 1176 capitibUS,
1948 1113 2116 1175 quae
2158 1096 2552 1161 assumenda
2586 1101 2963 1180 putaverat,

297 1191 448 1256 illas
493 1195 738 1275 parteS,
789 1212 953 1273 quas
999 1192 1359 1276 superfluas
1406 1190 1850 1269 existimabat,
1900 1191 1999 1257 uti
2044 1196 2199 1258 sunt
2244 1214 2306 1259 v,
2341 1214 2407 1275 g.
2441 1196 2764 1260 solemnes
2810 1217 2963 1262 ver-

296 1289 532 1355 borum
578 1288 920 1367 formulae,
968 1289 1076 1355 vel
1122 1288 1383 1373 prolixa
1429 1289 1761 1355 enarratio
1810 1310 2049 1354 causae
2096 1291 2181 1355 ad
2213 1291 2550 1357 Summum
2579 1293 2970 1360 Pontificem

301 1387 581 1466 delatae,
629 1386 738 1452 vel
784 1388 1003 1471 ampla
1049 1386 1371 1471 expositio
1417 1386 1755 1470 petitionis
1803 1387 2016 1452 eidem
2063 1389 2343 1468 oblatae,
2391 1411 2475 1455 ne
2507 1391 2792 1458 ambitus
2829 1393 2964 1458 col-

296 1483 600 1550 lectionis
638 1484 820 1568 justo
867 1485 1077 1568 major
1124 1484 1437 1550 evaderet
1455 1534 1470 1562 ,
1533 1487 1742 1550 omisit
1755 1509 1784 1568 ,·
1844 1506 2041 1568 quam
2087 1486 2535 1569 omissionem,
2598 1511 2796 1572 quum
2842 1489 2966 1555 ali--

299 1586 626 1665 quatenus
671 1583 881 1666 major
928 1585 1104 1647 esset
1121 1631 1136 1660 ,
1184 1581 1253 1646 in
1298 1582 1532 1665 capitis
1578 1586 1773 1648 textu
1818 1583 2102 1649 voculis:
2168 1593 2222 1650 et
2267 1586 2486 1671 infra,
2533 1588 2641 1652 vel
2684 1587 2961 1654 litteris:

304 1688 361 1745 et
391 1683 449 1765 j.
496 1679 877 1762 indigitavit
902 1678 946 1745 ⁴.
1041 1679 1220 1757 Quae
1267 1679 1692 1770 decretalium
1742 1685 1810 1747 et
1857 1681 2135 1747 aliarum
2194 1683 2664 1751 auctoritatum
2716 1689 2962 1769 parteS,

301 1799 345 1843 a
389 1778 779 1860 Raymundo
827 1777 1125 1856 omissae,
1162 1787 1389 1863 partes
1438 1780 1688 1844 decisae
1735 1779 2039 1845 dicuntur
2064 1779 2108 1846 5.

481 1876 721 1955 Porro,
788 1896 987 1957 quum
1032 1875 1461 1958 Raymundus
1520 1877 1589 1941 in
1649 1876 1866 1959 aliquo
1929 1877 2145 1962 capite
2192 1878 2732 1964 Compilationum
2794 1881 2966 1948 anti-

302 1993 600 2056 quarum,
651 1974 824 2056 quod
870 1974 1332 2039 assumendum
1379 1978 1744 2054 censuerat,
1795 1975 2009 2058 quoad
2053 1975 2451 2057 indigentias
2497 1981 2565 2044 et
2610 1979 2966 2045 relationes

299 2071 453 2136 aevi
498 2071 600 2136 sui
645 2072 750 2136 vel
799 2071 1057 2137 ratione
1115 2070 1437 2137 claritatis
1496 2072 1802 2138 lacunam
1848 2073 2134 2156 aliquam
2191 2075 2725 2158 deprehendisset
2742 2127 2756 2155 ,
2819 2098 2967 2142 eam

298 2168 554 2235 inserta
601 2190 893 2252 congrua
937 2190 1102 2241 voce
1149 2169 1415 2253 explere
1462 2170 1709 2253 sategit
1739 2168 1784 2236 ⁶.

487 2340 507 2371 ¹
546 2337 777 2405 Schulte,
815 2335 918 2390 Die
956 2334 1283 2390 Geschichte
1322 2335 1418 2388 der
1455 2333 1699 2399 Quellen,
1737 2338 1865 2389 tom.
1905 2335 1972 2390 H.
2011 2354 2063 2406 p.
2106 2336 2188 2389 12.

484 2416 505 2449 ²
545 2415 655 2470 cfr.
695 2435 748 2471 V.
787 2433 840 2483 g.
881 2434 996 2486 cap.
1039 2417 1086 2469 1.
1124 2414 1192 2470 X.
1233 2415 1298 2469 de
1337 2414 1493 2469 elect.
1531 2415 1573 2469 Ι.
1614 2416 1662 2468 6.
1711 2433 1837 2469 cum
1876 2415 2058 2486 Comp.
2097 2416 2139 2470 Ι.
2178 2433 2293 2485 cap.
2335 2417 2382 2470 1.
2423 2418 2539 2471 eod.
2578 2418 2619 2471 Ι.
2656 2418 2740 2483 4.,
2792 2435 2821 2471 e
2860 2435 2965 2486 quo

300 2513 498 2549 voces:
561 2499 649 2562 „et
698 2495 1010 2550 convocatis
1062 2495 1268 2549 eisdem
1317 2495 1483 2549 etiam
1532 2487 1875 2566 parochianis
1925 2499 2090 2564 atque
2139 2496 2198 2550 in
2249 2515 2418 2549 unum
2468 2497 2960 2552 consentientibus“

301 2576 539 2630 omissae
589 2579 732 2630 sunt.
806 2576 945 2630 Item
997 2576 1094 2630 cfr.
1135 2593 1250 2646 cap.
1287 2576 1340 2629 4.
1379 2575 1446 2629 X.
1499 2576 1565 2630 de
1616 2579 1856 2630 consuet.
1895 2577 1936 2629 Ι.
1974 2577 2026 2630 4.
2079 2593 2204 2630 011111
2243 2576 2426 2646 Comp.
2464 2578 2557 2631 ΠΙ.
2604 2595 2719 2648 cap.
2760 2578 2809 2632 3.
2848 2579 2964 2632 eod.

300 2656 353 2711 Ι.
377 2656 445 2721 3.,
484 2675 513 2710 e
538 2674 646 2727 quo
682 2675 880 2711 voces:
943 2655 1212 2723 „latinis“,
1250 2659 1333 2711 et:
1393 2656 1567 2726 „apud
1605 2655 2127 2727 Constantinopolim
2165 2657 2505 2712 constitutis“
2550 2657 2783 2713 omissae
2820 2661 2965 2714 sunt.

300 2736 474 2790 Porro
513 2737 610 2792 cfr.
649 2754 767 2808 cap.
795 2738 844 2791 3.
871 2737 938 2791 X.
979 2737 1044 2790 de
1082 2754 1282 2806 sponsa
1320 2737 1467 2790 duor.
1494 2737 1589 2791 IV.
1627 2737 1679 2791 4.
1715 2754 1843 2791 cum
1881 2737 2065 2808 Comp.
2092 2738 2134 2791 Ι.
2174 2756 2291 2807 cap.
2320 2739 2368 2792 3.
2410 2739 2525 2792 eod.
2551 2740 2645 2793 IV.
2683 2741 2752 2803 4.,
2792 2758 2821 2793 e
2860 2757 2965 2808 quo

300 2816 540 2872 omissae
576 2821 707 2872 sunt
740 2835 934 2872 voces:
993 2818 1123 2883 „sub
1162 2834 1226 2870 ea
1263 2816 1628 2871 sollemnitate
1644 2858 1658 2881 ,
1711 2835 1849 2885 quae
1885 2817 2006 2871 fieri
2041 2818 2210 2882 solet,
2262 2823 2547 2889 praesente
2585 2818 2844 2873 videlicet
2880 2837 2963 2874 sa-

301 2898 540 2963 cerdote,
577 2901 676 2952 aut
709 2898 938 2963 notari0,
977 2901 1032 2951 et
1068 2898 1211 2952 sicut
1246 2897 1304 2950 in
1341 2898 1663 2966 quibusdam
1696 2898 1830 2952 locis
1868 2898 2044 2952 adhuc
2069 2900 2407 2965 observatur,
2445 2899 2654 2954 idoneis
2677 2900 2966 2954 testibus“.

295 2976 597 3033 Praeterea
634 2979 732 3033 cfr.
772 2996 887 3048 cap.
930 2978 977 3032 1.
1016 2977 1083 3031 Χ.
1124 2979 1189 3031 de
1227 2995 1519 3045 consangu.
1560 2981 1616 3031 et
1652 2978 1845 3033 affinit.
1882 2979 1975 3032 IV.
2018 2979 2101 3032 14.
2140 2997 2265 3033 cum
2303 2980 2486 3050 Comp.
2524 2981 2565 3034 Ι.
2607 2998 2722 3050 cap.
2763 2981 2812 3034 2.
2849 2981 2965 3035 eod.

296 3057 401 3111 IV.
444 3058 542 3123 14.,
581 3076 611 3112 e
649 3075 754 3127 quo
790 3058 848 3111 in
884 3058 1278 3129 propositione:
1324 3075 1525 3127 „aeque
1564 3058 1724 3124 enim,
1762 3061 1825 3112 ut
1860 3076 2095 3113 canones
2134 3059 2321 3114 dicunt
2336 3102 2348 3124 ,
2394 3060 2774 3115 abstinendum
2812 3063 2898 3114 est
2933 3079 2969 3115 a

297 3138 721 3206 consanguineis
758 3139 945 3193 uxoris
963 3182 976 3205 ,
1021 3142 1084 3192 ut
1121 3156 1153 3192 a
1189 3138 1422 3209 propriis
1458 3155 1624 3207 usque
1661 3141 1735 3192 ad
1769 3142 2047 3207 septimum
2080 3142 2367 3207 gradum“,
2405 3158 2599 3196 voces:
2658 3158 2859 3210 „usque
2896 3142 2966 3195 ad

293 3216 595 3287 septimum
631 3219 913 3286 gradum“,
966 3219 1164 3288 quippe
1215 3236 1355 3287 quae
1388 3217 1500 3289 juri
1550 3218 1920 3273 ecclesiastico
1970 3220 2259 3274 recentiori
2308 3239 2404 3291 per
2456 3239 2572 3275 can.
2612 3222 2697 3275 50.
2739 3221 2966 3275 Concilii

294 3298 576 3365 generalis
600 3298 851 3353 Lateran.
877 3300 972 3354 IV.
999 3317 1047 3353 a.
1079 3299 1216 3352 1215
1248 3298 1387 3367 (cap.
1415 3299 1465 3353 8.
1504 3297 1569 3352 Χ.
1601 3299 1718 3352 θοὰ.
1744 3299 1838 3353 IV.
1869 3298 1975 3367 14.)
2007 3300 2443 3364 adversarentur,
2483 3303 2786 3371 expunctae
2820 3305 2963 3355 sunt.

312 3424 319 3428 ,
486 3379 506 3413 ⁸
541 3379 661 3433 Hac
694 3378 905 3433 ratione
941 3379 1298 3449 Raymundus
1336 3396 1366 3432 e
1405 3378 1589 3449 Comp.
1629 3379 1669 3432 I.
1710 3396 1825 3449 cap.
1861 3379 1914 3432 2.
1955 3379 2059 3444 Qui
2110 3380 2236 3434 cler.
2284 3381 2375 3435 vel
2424 3384 2644 3435 vovent.
2684 3381 2777 3435 IV.
2818 3382 2895 3445 6.,
2934 3399 2965 3435 e

296 3473 413 3525 quo
450 3458 768 3513 adornatum
807 3462 893 3513 est
929 3477 1046 3528 cap.
1074 3459 1123 3512 2.
1163 3459 1229 3513 X.
1269 3459 1383 3512 θοὰ.
1422 3458 1517 3513 IV.
1548 3460 1614 3522 6.,
1652 3458 2101 3528 propositionem:
2147 3460 2224 3526 „si
2262 3461 2331 3514 ad
2368 3460 2685 3514 canonicum
2721 3461 2813 3514 vel
2851 3479 2959 3515 mo-

292 3536 574 3591 nasticum
625 3538 865 3593 ordinem
918 3538 1154 3593 transire
1209 3537 1446 3592 voluerit
1462 3580 1475 3603 ,
1530 3541 1656 3608 post
1705 3542 2021 3609 septennem
2075 3539 2462 3610 poenitentiam
2512 3540 2859 3594 laudabiliter
2907 3542 2966 3595 in

295 3615 544 3672 claustro
580 3622 856 3689 peractam
873 3661 886 3684 ,
938 3619 985 3673 si
1021 3619 1124 3673 tibi
1160 3619 1252 3673 vel
1289 3618 1592 3672 successori
1626 3621 1723 3672 tuo
1760 3619 1942 3673 visum
1978 3619 2196 3684 fuerit“,
2249 3620 2433 3674 omisit
2468 3623 2525 3674 et
2560 3620 2678 3676 loco
2717 3621 2835 3691 ejus
2872 3640 2963 3691 po-

295 3696 418 3751 suit
453 3697 602 3763 haec,
640 3716 780 3768 quae
816 3702 1147 3768 sequuntur:
1192 3699 1269 3764 „si
1307 3699 1377 3752 ad
1414 3698 1775 3752 monasticum
1812 3699 2055 3753 ordinem
2078 3700 2312 3753 transire
2345 3700 2582 3755 voluerit
2618 3704 2674 3754 et
2709 3701 2809 3754 tibi
2841 3706 2967 3772 post

291 3777 630 3832 laudabilem
680 3779 1146 3833 conversationem
1196 3778 1369 3850 ipsius
1418 3778 1600 3833 visum
1649 3778 1845 3833 fuerit“
1858 3821 1870 3833 .
1945 3780 2083 3833 Item
2121 3798 2150 3833 e
2189 3780 2372 3850 Comp.
2411 3781 2452 3834 L
2492 3798 2610 3851 cap.
2652 3782 2699 3834 1.
2740 3782 2805 3835 de
2844 3800 2964 3836 con-

292 3873 496 3924 sangu.
535 3861 592 3911 et
627 3858 774 3913 affin.
811 3860 906 3914 IV.
949 3860 1062 3924 14.,
1114 3877 1144 3913 e
1183 3876 1288 3928 quo
1325 3858 1614 3914 adornavit
1648 3877 1767 3929 cap.
1807 3860 1856 3913 2.
1895 3860 1962 3913 Χ.
2003 3861 2118 3914 θοὰ.
2157 3860 2251 3915 IV.
2295 3861 2409 3925 14.,
2459 3861 2517 3914 in
2568 3862 2962 3931 propositione:

303 3935 391 4003 „si
416 3978 429 3990 .
457 3978 470 3990 .
499 3978 513 3991 .
537 3937 830 4004 inveneris,
868 3940 1011 4007 (111οὰ
1047 3939 1255 4009 primus
1291 3939 1380 3993 vir
1415 3942 1627 4010 patrem
1663 3939 1979 4010 superstitis
2016 3939 2074 3993 in
2112 3944 2298 4009 quinto
2334 3943 2412 3993 vel
2446 3950 2593 3995 sexto
2630 3943 2804 4009 gradu
2842 3942 2965 3997 atti-

296 4016 464 4084 gerit,
503 4034 611 4071 non
648 4018 866 4072 differas
902 4018 1229 4074 sententiam
1267 4019 1487 4074 divortii
1525 4019 1923 4089 promulgare“,
1961 4037 2154 4074 voces:
2200 4024 2440 4090 „patrem
2477 4021 2841 4091 superstitis“,
2880 4026 2964 4077 et:

301 4096 528 4164 „quinto
564 4098 656 4151 vel
694 4100 904 4163 sexto“,
944 4099 1142 4169 quippe
1180 4116 1319 4167 quae
1351 4098 1466 4169 juri
1491 4098 1862 4153 ecclesiastico
1900 4118 1997 4170 per
2034 4099 2123 4153 cit.
2153 4117 2268 4154 can.
2297 4101 2382 4155 50.
2430 4100 2655 4155 Concilii
2692 4101 2964 4169 generalis

290 4175 554 4231 Lateran.
590 4178 686 4232 IV.
725 4195 774 4232 a.
815 4178 953 4233 1215
989 4178 1295 4233 introducto
1339 4179 1480 4249 (cap.
1507 4180 1557 4234 8.
1595 4179 1662 4233 Χ.
1704 4180 1818 4233 θοὰ.
1856 4180 1951 4233 IV.
1981 4179 2088 4248 14.)
2129 4181 2567 4246 adversarentur,
2607 4180 2874 4251 expunxit
2909 4185 2966 4236 et

292 4257 421 4310 loco
460 4275 647 4311 earum
684 4276 879 4312 voces:
924 4258 1333 4329 „superstitem“
1377 4262 1460 4313 et:
1505 4262 1761 4327 „quarto“
1804 4260 2001 4329 posuit.

480 4337 506 4372 ⁴
542 4336 652 4392 Cfr.
689 4357 744 4392 v.
782 4355 834 4406 g.
865 4338 1047 4408 Comp.
1086 4339 1181 4392 ΠΙ.
1221 4357 1266 4393 c.
1294 4340 1343 4392 2.
1385 4339 1450 4393 ὰθ
1489 4342 1657 4394 const.
1697 4340 1738 4393 Ι.
1779 4340 1828 4393 2.
1869 4356 1990 4394 011111
2028 4359 2073 4394 0.
2105 4341 2153 4395 7.
2192 4340 2258 4395 Χ.
2299 4341 2413 4396 θοὰ.
2452 4341 2494 4395 Ι.
2533 4342 2613 4404 2.;
2656 4339 2839 4410 Comp.
2866 4341 2961 4396 ΙΠ.

292 4435 350 4471 c.
391 4417 438 4471 1.
478 4417 544 4471 de
581 4421 819 4472 consuet.
858 4420 900 4473 Ι.
940 4419 989 4472 3.
1030 4437 1151 4473 011111
1189 4437 1234 4474 0.
1274 4420 1324 4473 2.
1362 4418 1429 4473 X.
1469 4419 1583 4473 θοὰ.
1623 4420 1663 4472 Ι.
1702 4420 1785 4484 4.;
1826 4419 2009 4490 Comp.
2047 4420 2143 4474 III.
2183 4438 2228 4474 c.
2268 4421 2317 4474 3.
2354 4422 2468 4474 eod.
2505 4421 2547 4474 Ι.
2588 4421 2638 4475 3.
2676 4438 2800 4474 cum
2839 4439 2883 4474 c.
2909 4422 2984 4476 4.·

290 4496 370 4551 X.
409 4498 524 4551 eod.
562 4498 604 4551 Ι.
642 4498 724 4563 4.;
778 4498 961 4569 Comp.
1000 4499 1094 4553 III.
1135 4517 1180 4553 c.
1219 4500 1271 4553 2.
1323 4500 1389 4552 de
1441 4498 1598 4553 elect.
1637 4498 1679 4552 I.
1720 4501 1769 4553 6.
1823 4517 1946 4553 cum
1998 4517 2044 4554 c.
2086 4501 2169 4554 17.
2208 4500 2275 4554 X.
2329 4500 2443 4554 eod.
2482 4499 2523 4553 Ι.
2563 4501 2643 4564 6.;
2698 4499 2882 4571 Comp.
2920 4501 2962 4556 I.

291 4595 348 4632 c.
387 4576 438 4630 3.
478 4577 546 4631 ὰθ
581 4593 762 4647 5110115.
802 4578 950 4632 duor.
988 4579 1084 4633 IV.
1120 4579 1173 4634 4.
1221 4596 1342 4632 cum
1380 4596 1424 4632 c.
1465 4579 1515 4632 3.
1553 4578 1620 4632 X.
1661 4579 1777 4633 eod.
1816 4579 1911 4634 IV.
1948 4581 2001 4634 4.

485 4659 506 4693 ⁵
544 4657 828 4711 Schultel.
869 4676 915 4712 c.
954 4676 1005 4728 p.
1049 4659 1130 4712 15.

483 4739 504 4774 ⁶
539 4736 625 4790 Ita
660 4755 715 4791 v.
753 4753 806 4804 g.
843 4736 902 4790 in
927 4737 1110 4807 Comp.
1148 4737 1190 4792 Ι.
1230 4755 1276 4792 c.
1300 4738 1354 4791 4.
1393 4740 1458 4792 de
1496 4738 1652 4792 elect.
1693 4739 1734 4793 I.
1772 4739 1843 4803 4,
1882 4757 1988 4807 quo
2026 4740 2303 4803 statuitur,
2340 4738 2818 4810 Metropolitanum
2855 4760 2963 4796 non

289 4816 497 4871 debere
535 4815 652 4870 sine
689 4818 862 4870 tribus
887 4817 1152 4888 episcopis
1178 4817 1724 4888 comprovincialibus
1761 4819 2072 4890 episcopum
2096 4819 2361 4885 ordinare,
2398 4838 2471 4873 ex
2502 4837 2565 4873 eo
2602 4821 2964 4876 adornaturus
