3355 5328
422 301 493 355 34
1323 300 1462 354 Pars
1498 301 1539 354 I.
1590 300 1882 354 Decretum
1921 300 2185 355 Gratiani.

423 462 813 527 Faventinus
835 462 878 544 ¹,
942 462 1255 525 Sicardus
1306 460 1740 525 Cremonensis
1761 459 1807 541 ²,
1871 463 1939 525 et
1986 462 2311 544 Huqueeio
2339 461 2382 544 ³,
2451 482 2724 543 quorum
2782 458 3078 525 nonnulli

422 580 503 624 ea
550 558 888 624 occasione
935 558 1127 622 simul
1175 561 1707 635 commemorant,
1759 559 1840 622 ab
1872 556 2019 634 illis,
2071 558 2180 639 qui
2212 580 2409 643 super
2439 561 2720 624 Decreto
2764 558 3077 634 scribant,

422 658 635 741 ipsum
681 657 749 721 in
784 666 1008 742 partes
1054 665 1325 742 quatuor
1372 655 1599 733 dividi,
1653 676 2008 737 earumque
2056 656 2347 739 singulas
2395 666 2693 743 quartam
2739 654 3076 740 appellari,

421 778 499 821 ac
532 758 820 841 primam
867 776 1092 818 earum
1137 753 1287 818 inde
1335 754 1416 817 ab
1462 753 1648 818 initio
1682 753 1896 836 operis
1926 775 2132 835 usque
2179 755 2263 819 ad
2305 755 2472 820 Dist.
2508 754 2606 821 CI.
2641 754 2811 831 incl.,
2861 775 3077 818 secan-

424 856 574 918 dam
621 853 770 917 inde
818 875 857 918 a
889 852 954 918 G..
991 853 1038 917 Ι.
1090 872 1294 933 usque
1341 851 1425 915 ad
1471 851 1536 917 C.
1570 852 1714 917 XII.
1763 851 1934 928 incl„
1982 855 2235 916 tertiam
2280 852 2429 917 inde
2476 874 2516 917 a
2547 852 2613 918 C.
2647 852 2822 917 XIII.
2872 870 3079 932 usque

423 951 506 1016 ad
553 952 617 1017 C.
667 951 902 1016 XXVI.
952 951 1098 1016 incl.
1150 954 1219 1015 et
1265 957 1561 1035 quartam
1622 949 1773 1013 inde
1821 971 1861 1014 a
1908 949 1973 1014 C.
2023 950 2290 1015 XXVII.
2347 945 2554 1033 usque
2602 950 2687 1015 ad
2731 951 2929 1014 finem
2974 952 3079 1014 to·
3123 954 3126 959 ’

420 1049 553 1115 tius
601 1049 815 1133 operis
864 1047 1132 1114 extendi
1153 1047 1197 1113 ⁴.

421 1258 459 1343 ξ
516 1255 607 1324 21.
702 1255 1072 1324 Subdivisio
1135 1256 1348 1342 partis
1408 1255 1676 1323 Decreti
1743 1254 2163 1323 secundae
2231 1256 2301 1321 in
2364 1255 2638 1321 XXXVI
2708 1272 2945 1322 causas
3013 1254 3078 1320 et

1045 1361 1458 1447 singularum
1506 1380 1857 1429 causarum
1901 1363 1970 1428 in
2017 1362 2454 1448 quaestiones

600 1531 783 1608 Quod
813 1551 1008 1614 porro
1042 1529 1283 1595 attinet
1315 1530 1822 1595 subdivisionem
1852 1531 2112 1596 illarum
2137 1530 2442 1614 partium,
2477 1533 2546 1596 et
2576 1530 2786 1614 primo
2819 1529 3080 1612 quidem

421 1630 630 1714 partis
662 1631 977 1695 secandae
1006 1627 1072 1692 in
1097 1628 1374 1692 XXXVI
1398 1649 1632 1694 causas
1665 1633 1734 1694 et
1764 1629 1996 1694 harum
2020 1629 2331 1713 cujusque
2355 1629 2422 1692 in
2447 1628 2885 1710 quaestioneS‚
2918 1627 3079 1691 haec

421 1727 777 1794 subdivisio
823 1726 1033 1811 partis
1079 1726 1403 1791 secundae
1434 1727 1687 1810 pariter
1733 1728 1815 1792 ab
1862 1726 2002 1810 ipso
2038 1727 2353 1792 Gratiano
2401 1726 2721 1809 provenit.
2787 1726 2863 1791 Id
2910 1725 3081 1790 enim

421 1848 553 1891 non
600 1826 810 1891 solum
856 1823 1148 1905 insignes
1195 1824 1574 1889 canonistae
1622 1845 1793 1890 saec.
1853 1825 1996 1890 XII.
2047 1828 2116 1889 et
2161 1824 2338 1890 XIII.
2375 1844 2687 1907 expresse
2734 1827 2804 1888 et
2849 1821 3080 1887 unani-

423 1924 618 1988 miter
664 1925 1023 2000 testantur,
1075 1925 1142 1986 et
1190 1921 1448 2002 quidem
1493 1922 1879 1987 nominatim
1925 1923 2201 2006 Rufinus
2219 1922 2263 2005 ⁵,
2311 1922 2595 1986 Joannes
2641 1922 3037 1986 Faventinus
3058 1918 3082 1957 ὃ

425 2126 721 2181 Gratianus
759 2124 1002 2178 voluisse
1052 2123 1286 2176 videtur.
1362 2122 1546 2175 Prima
1596 2140 1725 2192 pars
1775 2140 1947 2191 usque
2003 2124 2073 2176 ad
2110 2141 2332 2176 causam
2368 2122 2802 2192 symoniacorum
2840 2120 3084 2175 extendi·

421 2209 558 2260 tur.“
604 2235 670 2244 —
716 2205 991 2270 „Secunda
1028 2222 1061 2257 a
1098 2203 1273 2273 prima
1312 2220 1478 2256 causa
1514 2220 1688 2271 usque
1726 2204 1795 2256 ad
1831 2206 2129 2257 tractatum
2156 2204 2221 2257 de
2247 2201 2651 2257 consecratione
2688 2201 2983 2273 procedit.“
3016 2230 3082 2239 —

428 2286 644 2353 „Tertia
681 2304 713 2339 a
749 2289 992 2339 tractatu
1029 2283 1452 2338 consecrationis
1487 2300 1662 2350 usque
1700 2284 1771 2337 ad
1808 2285 2016 2337 finem.“

604 2371 622 2402 ¹
659 2366 874 2420 Pariter
923 2365 981 2419 in
1031 2382 1130 2418 sua
1170 2366 1392 2416 Summa
1428 2363 1648 2417 Decreti
1691 2363 1856 2433 (apud
1896 2366 2108 2417 Schulte
2121 2405 2136 2432 ‚
2192 2363 2293 2417 Die
2329 2361 2952 2417 Rechtshandschriften
2988 2362 3086 2415 der

422 2446 983 2509 Stiftsbibliotheken,
1033 2445 1091 2497 in
1128 2444 1245 2498 citt.
1282 2444 1465 2497 relatt.
1504 2460 1638 2496 sess.
1690 2447 1820 2497 tom.
1860 2443 2025 2497 LVII.
2066 2462 2117 2513 p.
2157 2443 2302 2511 585.)
2324 2486 2337 2508 ,
2389 2443 2603 2497 dicens:
2663 2441 3086 2512 „compositoris

428 2527 722 2595 (Gratiani)
769 2568 779 2580 .
822 2568 833 2579 .
876 2568 886 2579 .
941 2524 1223 2592 diligentia
1271 2522 1473 2577 librum
1521 2523 1689 2577 istum
1739 2524 1795 2577 in
1841 2527 1957 2578 tres
1993 2527 2178 2594 partes
2217 2523 2504 2591 distinguit
2518 2565 2532 2588 ,
2583 2540 2814 2591 quarum
2853 2522 3087 2593 primam

422 2610 753 2676 ministeriis,
791 2605 1085 2659 secundam
1121 2607 1361 2673 negotiis,
1398 2602 1619 2657 tertiam
1656 2607 2018 2657 ecclesiasticis
2054 2604 2281 2674 deputat
2314 2605 2712 2656 sacramenti-af

603 2690 623 2721 ²
663 2687 768 2753 Qui
802 2686 859 2739 in
896 2703 994 2739 sua
1033 2687 1257 2738 Summa
1289 2684 1508 2737 Decreti
1550 2683 1717 2753 (apud
1755 2686 1983 2753 Sebaste,
2021 2686 2125 2738 Zur
2151 2684 2478 2738 Geschichte
2516 2685 2611 2737 der
2636 2684 2917 2737 Literatur
2952 2684 3089 2737 iiber

426 2770 524 2822 das
560 2768 761 2821 Decret
797 2765 1071 2820 Gratians.
1145 2764 1336 2818 Erster
1372 2763 1613 2831 Beitrag‚
1651 2764 1710 2817 in
1747 2765 1863 2818 citt.
1901 2765 2082 2819 relatt.
2121 2782 2257 2818 sess.
2296 2768 2425 2818 tom.
2464 2764 2656 2818 LXIII.
2701 2782 2752 2834 p.
2794 2763 2942 2831 338.)
2984 2763 3089 2817 hoc

424 2850 677 2917 respectu
728 2846 840 2899 ait:
904 2844 1303 2911 „Distinguitur
1354 2843 1493 2896 liber
1540 2843 1646 2897 iste
1694 2844 1751 2897 in
1787 2844 1866 2897 III
1917 2849 2117 2914 partes.
2191 2845 2376 2898 Prima
2413 2847 2499 2898 est
2533 2860 2709 2912 usque
2746 2844 2816 2897 ad
2853 2843 3088 2914 primam

424 2945 664 2982 causam.
716 2926 963 2980 Secunda
1000 2942 1174 2993 usque
1210 2926 1280 2978 ad
1317 2923 1796 2988 consecrationem,
1833 2924 1998 2978 tertia
2034 2942 2207 2993 usque
2240 2926 2310 2978 ad
2345 2925 2555 2978 finem.“
2601 2954 2668 2963 —
2713 2924 2817 2990 „Et
2853 2923 3088 2994 primam

426 3008 653 3076 quidem
681 3005 976 3061 Gratianus
1012 3004 1292 3068 ministriS‚
1331 3004 1624 3057 secundam
1660 3004 1912 3072 negotiiS,
1955 3005 2174 3058 tertiam
2212 3003 2600 3058 ecclesiasticis
2639 3004 2870 3074 deputat
2906 3021 3088 3057 sacra-

425 3088 637 3142 mentis.
713 3087 843 3139 Inde
881 3089 968 3138 est
982 3127 994 3149 ,
1047 3085 1190 3152 quod
1226 3084 1455 3154 primam
1492 3088 1696 3137 vocant
1731 3088 2027 3138 tractatum
2066 3085 2482 3139 ordinandorum
2498 3126 2511 3148 ,
2549 3085 2845 3137 secundam
2882 3086 3089 3138 tracta·

422 3173 541 3222 tum
579 3184 882 3229 causarum,
919 3164 1141 3218 tertiam
1177 3182 1307 3217 vero
1343 3166 1640 3217 tractatum
1680 3165 1744 3217 de
1783 3164 2231 3219 consecratione.“

605 3250 625 3285 ⁸
661 3248 726 3301 In
762 3264 862 3299 sua
910 3247 1131 3298 Samma
1168 3243 1387 3297 Decreti
1442 3244 1607 3313 (apud
1647 3246 1861 3298 Schulte
1872 3286 1888 3313 ‚
1940 3245 2041 3298 Die
2081 3244 2409 3298 Geschichte
2448 3245 2543 3298 der
2581 3243 2826 3309 Quellen,
2865 3247 2997 3297 tom.
3041 3244 3083 3297 Ι,

424 3348 475 3400 p.
516 3329 601 3383 52.
639 3328 698 3380 in
732 3330 841 3380 not.
881 3326 938 3379 in
973 3323 1088 3391 fin.)
1110 3367 1123 3388 ,
1173 3324 1267 3378 ubi
1311 3323 1413 3377 hoc
1448 3328 1731 3394 respectu:
1790 3324 1971 3394 „Opus
2008 3326 2218 3389 suum“,
2269 3324 2470 3393 inquit,
2532 3324 2826 3392 „magister
2876 3323 2935 3377 in
2970 3327 3090 3377 tres

424 3413 612 3480 partes
632 3406 965 3474 distinguit:
1005 3423 1081 3459 sc.
1119 3404 1177 3457 in
1214 3404 1604 3468 distinctioneS,
1643 3422 1855 3468 causas,
1892 3404 1950 3458 in
1984 3407 2282 3458 tractatum
2321 3406 2387 3458 de
2426 3404 2880 3459 consecratione.“

604 3491 625 3523 ⁴
662 3489 749 3542 Ita
799 3485 1118 3539 nominatim
1171 3487 1473 3553 Stephanus
1530 3487 1885 3539 Tornacensis
1940 3485 2107 3554 (apud
2158 3486 2371 3538 Schulte
2389 3526 2403 3553 ,
2461 3485 2560 3538 Die
2613 3483 2944 3538 Geschichte
2990 3485 3090 3537 der

426 3570 669 3635 Quellen,
706 3570 835 3621 tom.
876 3567 915 3620 1.
955 3584 1006 3636 p.
1047 3566 1194 3632 255.)
1215 3607 1227 3630 ,
1268 3564 1484 3618 dicens:
1538 3567 1910 3633 „Scriptorum
1947 3565 2279 3618 consuetudo
2315 3564 2514 3618 librum
2549 3565 2718 3618 istum
2754 3564 2813 3617 in
2850 3573 3092 3632 quatuor

426 3653 611 3721 partes
649 3646 939 3714 distinguit
953 3688 966 3711 ‚
1012 3663 1239 3713 quarum
1277 3662 1714 3713 unamquamque
1752 3653 2006 3713 quartam
2043 3645 2336 3714 appellant.
2411 3644 2484 3699 Et
2509 3648 2754 3713 primam
2793 3644 3018 3712 quidem
3057 3662 3090 3698 a

425 3728 688 3800 principio
725 3744 899 3795 usque
936 3726 1006 3779 ad
1042 3725 1273 3796 primam
1298 3742 1536 3788 causam,
1574 3742 1714 3793 quae
1741 3727 1826 3778 est
1865 3725 1929 3777 de
1955 3723 2299 3793 symoniaciS,
2336 3727 2623 3778 secandam
2659 3742 2692 3777 a
2716 3724 2894 3794 prima
2920 3741 3093 3778 causa

424 3826 599 3877 usque
637 3809 705 3861 ad
741 3806 963 3860 tertiam
1002 3805 1281 3870 decimam,
1319 3822 1460 3873 quae
1497 3804 1577 3858 sic
1613 3804 1835 3874 incipit:
1876 3803 2243 3869 ,Dioecesani‘‚
2281 3808 2496 3857 tertiam
2531 3821 2706 3871 usque
2744 3805 2815 3857 ad
2841 3804 3092 3868 XXVII„

427 3907 565 3957 quae
604 3890 690 3942 est
740 3888 805 3940 de
841 3885 1185 3940 matrimonio
1224 3885 1398 3955 prima
1414 3926 1427 3949 ,
1479 3894 1734 3953 quartam
1784 3902 1816 3937 a
1856 3884 2081 3938 XXVII.
2121 3902 2295 3951 usque
2342 3885 2410 3938 ad
2448 3885 2610 3938 finem
2659 3883 2788 3937 libri
2824 3886 3086 3954 ponunt.“

425 3968 640 4023 Pariter
678 3971 919 4021 Joannes
955 3969 1289 4019 Faventinus
1330 3965 1498 4034 (apud
1536 3966 1767 4033 Saltum,
1816 3964 1916 4017 Die
1941 3964 2561 4018 Rechtshandschriften
2600 3965 2696 4018 der
2732 3963 3093 4019 Stiftsbiblio-

424 4048 644 4112 theken‚
682 4048 741 4101 in
778 4046 894 4101 citt.
932 4046 1114 4100 relatt.
1154 4063 1288 4099 sess
1326 4048 1455 4099 tom.
1495 4045 1660 4098 LVII.
1699 4062 1750 4114 p.
1792 4044 1959 4110 585.).

609 4130 628 4162 ⁵
665 4127 769 4193 Qui
804 4127 862 4180 in
886 4144 986 4180 sua
1014 4128 1233 4179 Samma
1265 4125 1432 4195 (apud
1459 4126 1686 4193 Schulw,
1724 4123 1825 4177 Die
1852 4122 2190 4177 Geschichte.
2208 4124 2303 4176 der
2329 4123 2571 4188 Quellen,
2608 4127 2739 4177 tom.
2766 4125 2809 4177 Ι.
2836 4143 2890 4194 p.
2918 4124 3094 4193 250.),

426 4212 714 4279 postquam
752 4207 983 4273 dixerat,
1021 4209 1233 4276 partem
1257 4204 1477 4259 Decreti
1513 4204 1743 4274 primam
1780 4203 1837 4256 in
1874 4205 2092 4257 centum
2112 4205 2169 4256 et
2197 4221 2362 4256 unam
2398 4203 2518 4257 sive
2544 4204 2680 4257 duas
2706 4204 3096 4259 distinctiones

427 4289 681 4343 divisisse
709 4290 1119 4356 Paucapaleam‚
1147 4286 1213 4339 de
1239 4284 1505 4339 divisione
1529 4283 1703 4354 partis
1726 4286 2015 4336 secundae:
2057 4282 2443 4348 „Secundam“‚
2469 4283 2664 4352 inquit,
2709 4287 2956 4354 „partem
2981 4303 3095 4339 non

428 4369 679 4423 distinxit
735 4368 832 4437 (sc.
870 4366 1237 4436 Paucapalea)
1256 4408 1268 4429 ,
1321 4365 1449 4433 quia
1486 4382 1519 4418 a
1555 4365 1630 4417 M.
1675 4362 1928 4431 (agistro)
1974 4362 2037 4417 G.
2082 4362 2392 4432 (Gratiano)
2436 4363 2773 4418 sufficienter
2825 4364 3096 4420 distincta

428 4452 514 4502 est
548 4468 645 4519 per
681 4466 892 4513 causaS,
931 4446 1071 4516 [seu]
1108 4447 1370 4508 themata,
1408 4443 1802 4511 quaestiones.“
2415 4513 2418 4518 ἡ

607 4532 628 4566 ⁶
663 4531 727 4583 In
764 4548 863 4583 sua
891 4530 1113 4581 Samma
1157 4526 1323 4595 (apud
1363 4527 1588 4592 Schulte,
1626 4523 1728 4577 Die
1752 4523 2373 4577 Rechtshandschriften
2410 4525 2506 4578 der
2530 4524 3099 4592 Stiftsbibliotheken,

427 4610 485 4662 in
535 4609 650 4663 citt.
702 4610 858 4663 relat.
911 4624 1046 4661 sess.
1085 4610 1214 4659 tom.
1267 4605 1431 4658 LVII.
1489 4621 1540 4673 p.
1580 4603 1726 4671 585.)
1749 4646 1761 4668 ,
1814 4602 2032 4657 dicens:
2096 4602 2512 4673 „Compositoris
2562 4608 2747 4658 autem
2800 4605 3100 4674 diligentia

427 4689 624 4742 librum
660 4690 827 4743 istum
877 4688 935 4741 in
979 4690 1095 4740 tres
1133 4688 1319 4755 partes
1357 4683 1647 4750 distinguit
1662 4726 1675 4747 ,
1730 4701 1959 4751 quarum
1996 4681 2226 4751 primam
2262 4683 2579 4738 ministeriis
2595 4726 2609 4749 ,
2649 4686 2963 4760 *secundam
3000 4706 3101 4742 ne-

428 4768 609 4837 gotiiS,
645 4769 865 4824 tertiam
905 4765 1294 4821 ecclesiasticis
1320 4765 1548 4835 deputat
1571 4762 1977 4817 sacramentis.“
2012 4791 2078 4800 —
2112 4763 2204 4827 „In
2238 4767 2471 4818 secanda
2507 4767 2663 4834 parte
2700 4765 2822 4832 agit
2857 4766 2919 4819 in
2944 4766 3102 4842 hunc
