3355 5328
1381 335 1560 392 Sectio
1596 337 1665 391 H.
1718 337 1751 404 5
1789 338 1875 392 75.
2857 341 2959 395 139

472 495 893 562 Locationem
953 496 1242 582 capitum
1308 498 1479 580 quod
1539 498 1783 565 attinet
1801 549 1815 575 ‚
1877 499 2305 582 Raymundus
2366 498 2587 582 capita
2604 548 2619 577 ,
2683 518 2720 563 e
2767 499 2957 565 Com-

293 593 714 677 pilationibus
774 594 1062 678 antiquis
1109 599 1405 662 assumta
1422 645 1437 675 ,
1499 596 1581 662 de
1626 597 1858 678 regula
1902 597 1971 663 in
2018 597 2401 664 coHectione
2448 617 2569 663 sua
2613 595 2682 661 in
2730 598 2960 663 eodem

292 691 489 758 titulo
537 693 905 772 collocavit,
956 693 1025 760 in
1073 713 1199 776 quo
1247 695 1570 761 collocata
1616 699 1810 762 erant
1854 695 1923 760 in
1969 694 2551 778 Compilationibus
2598 694 2885 776 antiquis
2913 694 2955 762 ¹.

292 788 627 856 Nonnulla
659 811 885 857 eorum
916 796 1158 869 autem,
1207 795 1278 858 et
1308 791 1569 875 quidem
1600 793 1977 860 summatim
2016 796 2162 871 113,
2210 793 2279 858 in
2311 793 2476 858 alios
2517 791 2769 871 titulos,
2817 792 2959 861 sive

297 887 608 972 ejusdem,
657 888 798 954 sive
845 890 1014 955 alius
1058 890 1228 968 libri,
1278 894 1347 956 et
1393 891 1653 972 quidem
1702 891 2200 969 rationabiliter,
2248 890 2658 975 transposuit
2684 888 2728 957 ².

474 986 832 1053 Praeterea
866 988 1296 1071 Raymundus
1341 988 1410 1054 in
1456 988 1731 1071 singulis
1776 989 1987 1055 titulis
2035 989 2257 1073 capita
2299 990 2684 1073 plerumque
2733 989 2958 1054 ordine

295 1083 756 1168 chronologico
787 1085 1026 1170 posuit,
1073 1086 1303 1152 habita
1331 1086 1637 1151 nimirum
1668 1087 1927 1153 ratione
1957 1087 2294 1170 temporis,
2345 1108 2471 1169 quo
2504 1087 2956 1166 auctoritates,

295 1201 332 1247 e
380 1182 615 1264 quibus
660 1182 806 1266 ipsa
851 1183 1216 1267 composita
1261 1187 1447 1263 sunt,
1506 1185 1862 1250 secundum
1909 1206 2095 1261 suam
2140 1184 2628 1268 inscriptionem
2676 1184 2958 1267 origine-

293 1283 491 1346 tenus
539 1280 754 1347 editae
785 1281 989 1347 fuisse
1026 1282 1421 1348 videbantur
1445 1277 1490 1349 ³.
1564 1281 1688 1359 Qui
1734 1284 1892 1348 ordo
1939 1286 2116 1361 tunc,
2166 1304 2364 1365 quum
2409 1284 2630 1367 plures
2680 1285 2958 1369 ejusdem

297 1377 548 1443 Summi
577 1378 910 1445 Pontificis
958 1380 1322 1446 decretales
1365 1384 1482 1447 aut
1513 1380 2015 1447 constitutiones
2048 1381 2479 1465 adducuntur,
2527 1381 2752 1463 utique
2783 1381 2958 1446 haud

294 1497 450 1542 raro
508 1476 808 1543 inversus
868 1499 1012 1543 esse
1074 1478 1497 1560 dignoscitur.
1603 1479 1706 1544 De
1766 1482 1985 1544 cetero
2046 1479 2115 1544 in
2176 1479 2464 1561 quolibet
2523 1478 2717 1545 titulo
2778 1479 2958 1563 Ray-

297 1575 580 1639 mundus
626 1575 910 1660 primum
955 1577 1175 1660 posuit
1221 1579 1467 1662 capita,
1515 1576 1756 1642 hausta
1802 1596 1839 1641 e
1886 1577 2356 1660 Compilatione
2401 1577 2452 1643 Ι.
2473 1626 2488 1655 ,
2552 1577 2781 1642 deinde
2825 1576 2957 1656 illa,

298 1692 468 1755 quae
516 1694 603 1738 ex
650 1673 733 1739 ΙΙ.
782 1674 898 1742 ΙΠ.
956 1677 1026 1740 εὴ
1069 1674 1338 1757 reliquis
1384 1673 1966 1758 compilationibus
2024 1675 2339 1742 hauserat
2356 1725 2370 1754 ,
2434 1678 2502 1741 et
2547 1675 2778 1741 ultimo
2824 1673 2956 1754 illa,

296 1789 468 1852 quae
544 1792 580 1836 e
626 1771 877 1935 1:1³4apae
956 1774 1251 1858 Greqorii
1321 1772 1443 1840 LX.
1525 1772 1966 1839 decretalibus
2045 1776 2113 1839 et
2195 1773 2767 1843 constitutionibus
2844 1775 2959 1839 ad-

298 1887 626 1934 ornavera
718 1921 732 1936 .

480 1966 690 2044 Quum
749 1971 971 2034 autem
1026 1968 1455 2052 Raymundus
1515 1967 1692 2061 inter
1753 1969 2116 2035 decretales
2178 1973 2247 2035 et
2307 1969 2470 2036 alias
2531 1969 2960 2037 auctoritates

297 2064 783 2131 ecclesiasticas
802 2116 817 2145 ‚
885 2087 1048 2149 quas
1094 2088 1253 2150 prae
1298 2066 1599 2132 manibus
1644 2066 1876 2132 habuit
1894 2117 1908 2146 ,
1971 2088 2090 2150 pro
2139 2068 2453 2133 solvendo
2500 2067 2726 2146 dubio,
2790 2068 2963 2150 quod

297 2182 379 2228 eo
426 2165 724 2247 tempore
770 2163 945 2229 circa
991 2163 1279 2247 aliquam
1323 2164 1671 2230 materiam
1711 2164 1879 2248 juris
1933 2166 2327 2231 versabatur
2344 2215 2358 2243 ‚
2420 2164 2581 2229 nihil
2625 2164 2814 2230 solidi
2859 2164 2959 2231 in-

305 2374 596 2428 Goelestino
635 2377 742 2429 III.
787 2374 1188 2445 (1191-1198)
1230 2374 1556 2429 adscribitur
1592 2376 1649 2428 et
1687 2391 1945 2444 expresse
1986 2377 2249 2442 tanquam
2285 2391 2413 2444 pars
2451 2391 2568 2444 cap.
2606 2375 2963 2428 Laudabilem

298 2453 636 2522 designatur.
713 2454 880 2527 Cujus
937 2455 1227 2510 decretalis
1281 2454 1587 2525 pontificiae
1647 2454 1862 2508 initium
1925 2453 2303 2523 (Laudabilem
2359 2453 2486 2523 etc.)
2545 2453 2602 2507 in
2658 2453 2839 2523 Comp.
2891 2454 2960 2508 H.

298 2550 420 2603 cap.
460 2534 508 2588 3.
549 2535 614 2588 de
653 2532 866 2603 cognat.
905 2534 1079 2605 spirit.
1119 2534 1212 2588 IV.
1253 2535 1301 2588 6.
1340 2533 1578 2604 positum
1616 2537 1729 2598 est;
1770 2535 1910 2603 quod
1951 2537 2115 2603 caput
2150 2537 2336 2588 tamen
2370 2534 2428 2588 in
2466 2533 2817 2588 decretalium
2856 2533 2961 2587 col-

294 2613 589 2670 lectionem
625 2614 808 2687 Papae
846 2613 1097 2684 Gregorii
1132 2615 1224 2669 IX.
1265 2618 1605 2685 assumptum
1641 2632 1748 2668 non
1786 2618 1886 2669 est.
1962 2614 2225 2684 Reliquae
2262 2618 2447 2686 partes
2486 2614 2636 2669 illius
2676 2613 2962 2669 decretalis

295 2695 611 2749 referuntur
646 2696 702 2750 in
741 2695 924 2767 Comp.
963 2696 1030 2750 II.
1071 2714 1186 2767 cap.
1227 2697 1276 2749 2.
1315 2696 1393 2750 Ut
1427 2695 1525 2749 lite
1561 2696 1814 2765 pendent.
1852 2696 1920 2750 Π.
1949 2697 2016 2761 9.,
2056 2713 2172 2766 cap.
2213 2696 2263 2750 2.
2303 2695 2407 2762 Qui
2445 2696 2571 2750 cler.
2610 2696 2701 2750 vel
2737 2698 2945 2750 vovent

295 2774 398 2828 IV.
434 2776 517 2839 4.,
570 2793 686 2845 cap.
727 2777 776 2830 3.
817 2777 882 2831 de
933 2776 1114 2844 frigid.
1156 2780 1212 2830 et
1248 2776 1429 2830 malef.
1469 2776 1561 2830 IV.
1604 2777 1684 2841 9.,
1724 2794 1839 2847 cap.
1884 2778 1929 2830 1.
1971 2777 2036 2830 (19
2074 2781 2284 2847 except.
2324 2778 2392 2831 H.
2435 2779 2517 2832 11.
2556 2780 2613 2831 εὴ
2650 2794 2767 2847 cap.
2806 2777 2854 2830 2.
2896 2776 2962 2830 de

297 2872 546 2910 convers.
586 2856 730 2911 infid.
769 2857 864 2912 ΠΙ.
903 2857 1015 2920 20.,
1067 2874 1207 2927 quae
1245 2856 1425 2927 capita
1463 2856 1641 2910 omnia
1657 2899 1670 2920 ‚
1724 2856 1890 2911 etiam
1941 2856 2030 2911 cit.
2072 2875 2188 2928 cap.
2226 2860 2441 2911 Rursus
2490 2860 2726 2927 quidam.
2766 2857 2814 2910 2.
2855 2856 2960 2923 Qui

296 2934 430 2989 cler.
481 2936 572 2989 vel
621 2939 840 2991 vovent.
889 2936 982 2991 IV.
1029 2937 1082 2991 4.
1100 2979 1113 3002 ,
1166 2936 1238 2990 ibi
1289 2939 1552 3006 tanquam
1606 2954 1735 3006 pars
1787 2954 1903 3006 cap.
1956 2939 2314 2990 Laudabilem
2366 2936 2735 3005 designantur.
2809 2937 2962 2991 Haec

296 3014 483 3084 capita
520 3016 714 3081 omnia,
753 3016 952 3071 omisso
988 3017 1362 3071 tantummodo
1377 3058 1391 3081 ,
1442 3016 1524 3070 uti
1555 3016 1672 3087 jam
1710 3016 2070 3086 meminimus,
2115 3019 2360 3088 praefato
2400 3034 2515 3088 cap.
2555 3018 2604 3071 3.
2646 3018 2711 3071 de
2749 3020 2962 3084 cognat.

293 3093 476 3164 spirit.
514 3095 607 3150 IV.
648 3098 697 3150 6.
715 3139 728 3162 ,
779 3096 837 3150 in
873 3114 1030 3151 suam
1068 3096 1439 3150 collectionem
1475 3096 1682 3167 recepit
1732 3100 1788 3150 et
1837 3115 1986 3151 voc.:
2038 3099 2394 3151 Laudabilem
2445 3096 2524 3151 eis
2573 3097 2818 3167 praefixa
2854 3097 2962 3165 sig-

295 3174 462 3229 navit
501 3175 622 3244 (cfr.
663 3194 707 3230 9.
746 3177 797 3231 2.
837 3176 904 3230 Χ.
946 3178 1021 3232 Ut
1068 3176 1167 3230 lite
1217 3177 1468 3247 pendent.
1507 3177 1574 3230 ΙΙ.
1618 3177 1732 3240 16.,
1785 3194 1830 3230 9.
1872 3178 1918 3230 1.
1958 3176 2024 3231 Χ.
2066 3177 2131 3230 (19
2169 3195 2411 3231 convers.
2450 3176 2597 3231 infid.
2637 3178 2730 3232 III.
2772 3178 2856 3231 33.
2909 3179 2966 3231 et

297 3273 351 3310 9.
379 3256 428 3309 5.
454 3255 520 3310 X.
549 3257 615 3310 de
639 3256 821 3325 frigid.
862 3260 920 3311 et
955 3257 1138 3311 malef.
1167 3257 1260 3312 IV.
1300 3255 1428 3325 15.),
1468 3260 1696 3327 excepto
1733 3256 1907 3321 unico,
1946 3256 2205 3311 videlicet
2239 3258 2485 3327 praefato
2524 3275 2641 3327 cap.
2677 3259 2725 3312 6.
2753 3258 2819 3311 X.
2861 3255 2965 3320 Qui

299 3335 433 3390 cler.
473 3336 563 3390 vel
599 3340 820 3391 vovent.
859 3337 953 3391 IV.
994 3338 1062 3402 6.,
1101 3337 1246 3405 quod
1280 3336 1360 3390 ita
1397 3336 1615 3404 signare
1653 3336 1859 3401 omisit,
1899 3336 2029 3391 licet
2068 3337 2249 3407 Comp.
2288 3338 2356 3390 ΙΙ.
2396 3337 2561 3407 capiti
2598 3338 2647 3391 2.
2698 3336 2799 3402 Qui
2838 3336 2963 3392 cler.

302 3415 403 3469 vel
440 3420 657 3470 vovent.
696 3417 789 3471 IV.
828 3417 880 3471 4.
897 3459 911 3482 ,
957 3435 986 3471 e
1025 3434 1130 3486 quo
1167 3417 1305 3471 illud
1343 3420 1508 3488 caput
1544 3417 1860 3481 adornavit,
1913 3417 2442 3471 determinationem:
2495 3434 2622 3487 pars
2661 3435 2776 3487 cap.
2815 3418 2967 3470 Lau-

310 3496 543 3549 dabilem
582 3496 880 3567 praefixam
916 3495 1202 3551 invenerit.

496 3587 513 3620 ¹
554 3586 662 3641 Cfr.
718 3587 900 3659 Comp.
939 3588 981 3642 Ι.
1020 3605 1065 3642 9.
1109 3588 1155 3641 1.
1195 3587 1244 3641 2.
1282 3588 1334 3641 4.
1375 3588 1424 3640 7.
1464 3588 1512 3641 6.
1567 3587 1633 3640 (19
1684 3587 1924 3641 constitt.
1963 3587 2002 3640 Ι.
2047 3588 2124 3651 1.,
2179 3587 2361 3657 Comp.
2400 3586 2495 3640 ΠΙ.
2535 3604 2581 3640 9.
2624 3586 2670 3640 1.
2718 3586 2768 3641 2.
2814 3587 2866 3640 4.
2914 3587 2964 3641 5.

301 3666 424 3719 eod.
462 3666 502 3719 I.
546 3666 593 3720 1.
633 3670 689 3721 et
715 3667 897 3738 Comp.
923 3667 993 3721 V.
1032 3685 1077 3722 9.
1105 3668 1154 3721 5.
1182 3667 1297 3721 eod.
1337 3667 1378 3721 Ι.
1421 3668 1467 3721 1.
1508 3685 1578 3720 ex
1604 3684 1729 3730 una,
1769 3670 1932 3735 atque
1967 3684 2011 3719 c.
2056 3666 2244 3730 1.—5.,
2284 3668 2458 3720 6.—9.
2489 3665 2571 3720 12.
2599 3665 2665 3720 Χ.
2694 3666 2807 3719 9ο(1.
2847 3665 2887 3720 Ι.
2916 3666 2966 3721 2.

301 3764 382 3800 ex
417 3745 589 3800 altera
627 3750 796 3817 parte.
835 3777 907 3785 —
945 3747 1127 3817 Comp.
1167 3747 1207 3801 I.
1249 3765 1293 3800 9.
1336 3747 1382 3801 1.
1423 3747 1472 3800 2.
1515 3745 1597 3799 11.
1637 3746 1723 3799 21.
1768 3747 1850 3800 14.
1893 3747 1974 3799 15.
2019 3746 2099 3799 16.
2143 3747 2225 3799 17.
2268 3746 2350 3800 18.
2391 3746 2476 3799 22.
2517 3746 2583 3799 (19
2621 3746 2778 3800 elect.
2817 3746 2857 3799 Ι.
2895 3747 2947 3800 4.

298 3825 489 3896 Comp.
528 3827 595 3880 H.
637 3844 680 3882 9.
723 3828 769 3882 1.
810 3828 858 3882 3.
900 3828 949 3882 5.
990 3829 1039 3882 6.
1080 3828 1128 3880 7.
1182 3827 1296 3880 eod.
1336 3827 1377 3880 Ι.
1419 3828 1498 3891 3.,
1553 3825 1735 3895 Comp.
1775 3826 1869 3879 III.
1922 3844 1965 3879 9.
2010 3826 2216 3879 1,-19.
2258 3826 2371 3880 9ο(1.
2421 3826 2461 3880 Ι.
2512 3827 2592 3891 6.,
2648 3826 2829 3896 Comp.
2870 3826 2949 3881 IV

296 3924 351 3961 9.
395 3907 565 3961 1,-6.
605 3908 654 3961 8.
695 3910 744 3962 9.
787 3908 868 3963 10.
913 3907 997 3961 11.
1037 3907 1151 3961 eod.
1191 3907 1232 3961 Ι.
1273 3907 1321 3961 3.
1363 3910 1419 3962 et
1445 3906 1626 3975 Comp.
1654 3906 1723 3960 V.
1764 3923 1808 3960 9.
1852 3907 1898 3960 1.
1926 3907 1975 3959 5.
2014 3907 2062 3959 6.
2103 3906 2217 3959 eod.
2257 3905 2297 3959 Ι.
2338 3907 2405 3971 5.,
2445 3908 2610 3975 atque
2648 3924 2695 3961 c.
2737 3906 2966 3971 1.—10.,

298 3986 569 4051 11.—15.‚
611 3988 871 4052 16.—34„
915 3988 1160 4042 35.—44.
1201 3990 1257 4041 εὴ
1291 3987 1538 4042 46.-48.
1579 3986 1644 4039 Χ.
1687 3987 1801 4040 9ο(1.
1842 3986 1881 4040 Ι.
1923 3988 1971 4039 6.
2012 4004 2083 4039 ex
2120 3985 2294 4039 altera
2329 3989 2502 4056 parte.

483 4078 505 4114 ²
542 4075 631 4130 Sic
667 4095 720 4131 v.
759 4094 811 4146 g.
853 4076 1036 4146 Comp.
1074 4077 1115 4131 Ι.
1150 4094 1195 4130 9.
1231 4077 1280 4131 8.
1322 4077 1388 4130 (19
1424 4075 1672 4146 rescript.
1713 4076 1752 4129 Ι.
1794 4076 1842 4128 2.
1882 4075 2063 4145 posuit
2099 4078 2366 4143 tanquam·
2399 4093 2444 4129 9.
2488 4075 2570 4129 12.
2609 4075 2676 4129 Χ.
2718 4076 2783 4129 (19
2821 4078 2961 4129 sent.

296 4173 565 4210 excomm.
599 4156 666 4210 V.
706 4156 822 4222 39.,
863 4156 1045 4227 Comp.
1083 4156 1125 4211 Ι.
1164 4174 1209 4210 c.
1247 4157 1299 4210 4.
1339 4157 1406 4210 de
1443 4156 1598 4210 elect.
1637 4156 1680 4209 I.
1718 4156 1769 4209 4.
1808 4158 2070 4223 tanquam
2108 4172 2152 4208 c.
2194 4156 2242 4208 7.
2282 4155 2349 4208 X.
2404 4155 2470 4209 de
2515 4158 2680 4226 temp.
2734 4155 2963 4209 ordinat.

294 4237 346 4289 Ι.
379 4235 477 4301 11.,
516 4236 697 4307 Comp.
737 4236 778 4291 Ι.
818 4254 862 4291 9.
889 4237 974 4291 20.
1016 4237 1082 4290 de
1119 4236 1275 4290 elect.
1302 4236 1343 4289 Ι.
1381 4236 1432 4290 4.
1471 4239 1735 4304 tanquam
1773 4252 1889 4303 cap.
1914 4234 1966 4287 4.
1992 4234 2059 4288 X.
2091 4234 2156 4287 de
2177 4234 2403 4305 jurejur.
2429 4235 2497 4289 H.
2525 4236 2609 4289 24.
2628 4255 2642 4298 ;
2683 4235 2864 4304 Comp.
2893 4235 2961 4288 H.

296 4332 352 4369 9.
391 4315 439 4368 2.
485 4316 550 4369 (19
585 4314 833 4387 rescript.
870 4316 912 4369 Ι.
951 4316 1002 4370 2.
1039 4319 1302 4385 tanquam
1338 4333 1383 4370 c.
1426 4316 1510 4369 35.
1550 4315 1616 4369 X.
1671 4315 1738 4368 de
1788 4314 2044 4383 appellat.
2082 4315 2149 4367 II.
2190 4315 2306 4379 28.;
2361 4315 2543 4384 Comp.
2583 4315 2677 4368 111.
2717 4332 2763 4367 9.
2806 4315 2853 4367 1.
2893 4314 2960 4367 (19

293 4396 421 4449 foro
458 4399 686 4466 compet.
726 4395 794 4450 ΙΙ.
835 4396 883 4449 2.
918 4395 1101 4466 posuit
1135 4399 1398 4465 tanquam
1446 4412 1562 4465 cap.
1604 4395 1652 4449 3.
1695 4394 1761 4447 Χ.
1814 4394 1891 4448 Ut
1927 4393 2024 4447 lite
2077 4395 2329 4464 pendent.
2369 4395 2436 4448 H.
2481 4395 2592 4459 16.;
2646 4393 2828 4463 Comp.
2868 4393 2963 4448 III.

296 4494 350 4530 9.
394 4475 440 4530 1.
480 4475 546 4528 (19
582 4475 757 4529 restit.
797 4475 1011 4546 spoliat.
1050 4477 1117 4530 ΙΙ.
1156 4477 1206 4530 6.
1245 4479 1507 4545 tanquam
1559 4491 1603 4528 9.
1643 4476 1696 4528 4.
1735 4473 1801 4527 X.
1849 4474 1926 4528 Ut
1965 4473 2061 4527 lite
2104 4474 2357 4544 pendent.
2394 4474 2461 4527 H.
2501 4474 2582 4527 16.
2630 4473 2966 4537 collocavit.;

297 4555 490 4625 Comp.
529 4556 624 4610 IV.
664 4573 708 4609 9.
752 4557 797 4610 1.
839 4557 903 4610 (19
942 4557 1028 4609 off.
1064 4555 1176 4626 jud.
1219 4555 1392 4623 deleg.
1433 4555 1473 4608 Ι.
1505 4555 1588 4607 12.
1627 4557 1892 4623 tanquam
1931 4570 1975 4607 c.
2017 4554 2065 4608 7.
2105 4554 2172 4607 Χ.
2214 4554 2278 4607 (19
2316 4571 2482 4607 causa
2519 4557 2754 4623 possess.
2783 4553 2851 4606 II.
2884 4553 2965 4607 12.

297 4635 415 4691 Cfr.
458 4638 706 4705 Phillipsx,
743 4635 1151 4700 Kirchenreoht,
1189 4638 1318 4689 tom.
1357 4635 1451 4689 IV.
1490 4653 1542 4705 p.
1584 4635 1705 4688 304.
1745 4651 1865 4703 sqq.

485 4725 506 4760 ⁸
547 4723 656 4777 Cfr.
684 4741 728 4776 c.
759 4723 948 4787 1.-4.,
988 4723 1037 4776 5.
1065 4725 1122 4776 et
1147 4723 1214 4786 6.,
1253 4723 1320 4787 8.,
1360 4723 1427 4787 9.,
1470 4721 1714 4786 10-13.,
1757 4721 1838 4774 14.
1867 4737 1966 4789 sq„
2008 4721 2089 4774 16.
2117 4738 2199 4789 sq.
2227 4720 2293 4774 X.
2331 4721 2397 4773 de
2422 4724 2586 4791 temp.
2614 4721 2782 4778 ordin.
2811 4722 2850 4775 I.
2882 4721 2967 4777 11.

483 4812 509 4847 ⁴
545 4813 858 4881 Friedbery,
891 4812 950 4866 in
988 4811 1144 4882 Corp.
1179 4811 1286 4881 jur.
1326 4827 1443 4865 can.
1482 4814 1622 4881 part.
1661 4810 1731 4865 ΙΙ.
1770 4810 2012 4880 prolegg.
2054 4809 2153 4864 col.
2193 4809 2441 4864 XXXVI.
