3355 5328
1349 308 1531 365 Sectio
1569 310 1610 363 Ῑ.
1662 309 1697 377 5
1734 310 1819 364 55.
2842 312 2906 367 91

436 467 656 533 Etiam
702 467 964 551 singula
1008 472 1249 555 capita,
1296 470 1524 553 paucis
1569 470 1886 554 exceptis,
1934 470 2424 554 inscriptionem
2450 469 2734 548 habent,
2784 491 2915 552 qua

274 568 489 632 auctor
532 564 715 632 effati
754 565 822 630 in
854 587 932 633 eo
962 566 1176 645 relati,
1224 568 1334 632 vel
1380 568 1582 635 etiam
1626 567 1705 646 is,
1754 568 1838 633 ad
1885 590 2078 651 quem
2107 569 2230 633 hoc
2261 567 2559 652 proxime
2591 567 2908 634 directum

273 661 404 741 fuit,
450 663 558 729 vel
602 666 879 746 uterque
925 664 1118 747 simul
1164 665 1547 750 designatur
1575 663 1617 732 ¹.

434 769 586 836 Non
629 774 855 837 tamen
901 792 1127 837 omnes
1171 771 1326 838 illae
1382 771 1842 856 inscriptiones
1902 776 2056 838 sunt
2114 772 2471 855 genuinae;
2533 772 2755 856 plures
2802 793 2912 837 ea-

271 888 404 933 rum
447 867 709 952 spuriae
753 872 908 935 sunt
931 865 979 936 ².

269 1078 508 1134 trimonio
560 1079 924 1134 contrahendo
975 1079 1065 1134 vel
1096 1078 1212 1149 jam
1263 1082 1556 1133 contracte.
1631 1081 1682 1133 7.
1720 1078 1802 1132 De
1839 1081 2110 1149 potestate
2152 1078 2396 1149 judicum
2450 1079 2821 1147 delegatorum
2859 1082 2916 1132 et
3012 1114 3020 1121 -

271 1159 330 1212 de
362 1158 530 1213 variis
567 1159 798 1225 litteris,
846 1158 1080 1214 diversis
1118 1159 1452 1230 temporibus
1488 1158 1814 1229 impeti-atie.
1888 1160 1938 1214 8.
1976 1157 2059 1213 De
2095 1158 2330 1213 testibus
2369 1159 2626 1226 cogendis
2660 1159 2754 1213 vel
2789 1177 2911 1213 non.

269 1240 313 1292 9.
349 1239 427 1293 130
464 1240 719 1295 secundis
754 1239 976 1311 nuptiiS.
1056 1240 1138 1295 10.
1177 1240 1259 1294 130
1297 1239 1768 1330 appellationibus,
1847 1240 1929 1293 11.
1969 1240 2047 1293 Ut
2084 1242 2237 1294 actor
2271 1240 2599 1309 respondeat
2635 1240 2714 1301 ei,
2754 1257 2913 1309 quem

268 1319 525 1374 convenit.
604 1321 687 1374 12.
723 1319 805 1375 De
844 1338 936 1385 eo,
984 1319 1077 1389 qui
1115 1320 1572 1388 consanguineam
1608 1319 1797 1374 uxoris
1834 1336 1990 1384 suae,
2042 1319 2135 1373 vel
2172 1336 2425 1390 sponsam
2465 1319 2638 1390 patris
2674 1319 2785 1384 sui,
2823 1320 2914 1373 vel

268 1400 716 1467 consanguineam
752 1418 983 1471 sponsae
1020 1400 1268 1470 propriae
1305 1400 1576 1468 cognovit.
1655 1400 1739 1454 13.
1778 1400 1859 1453 130
1894 1398 2167 1467 religiosis
2204 1399 2371 1463 111113,
2426 1399 2663 1454 (100111105
2701 1417 2772 1453 ex
2808 1398 2912 1469 pri·

270 1479 461 1547 vilegio
499 1498 608 1534 11011
646 1479 1051 1550 praestantibus
1088 1483 1145 1534 et
1182 1480 1248 1534 de
1286 1479 1572 1550 privilegio
1610 1479 1976 1534 abutentibus.
2044 1480 2125 1533 14.
2164 1479 2245 1533 De
2281 1479 2408 1544 illis,
2448 1479 2541 1548 qui
2577 1478 2824 1533 incidunt
2858 1479 2916 1533 in

267 1575 518 1614 canonem
556 1560 717 1615 datae
759 1560 816 1629 (i.
856 1578 901 1615 e.
940 1559 1108 1629 latae)
1151 1560 1456 1615 sententiae
1471 1602 1485 1625 ,
1536 1560 1627 1615 vel
1664 1558 1903 1614 incidere
1941 1559 2211 1624 videntur,
2249 1577 2373 1614 cum
2409 1577 2516 1614 non
2551 1559 2821 1615 incidant·
2809 1603 2821 1624 ,
2861 1563 2918 1614 et

267 1639 353 1708 qui
388 1644 610 1710 propter
647 1641 1039 1695 absolutionem
1077 1641 1189 1695 sint
1225 1641 1296 1695 ad
1333 1640 1527 1695 Sedem
1564 1639 1920 1710 apostolicam
1970 1639 2239 1694 mittendi.
2318 1641 2400 1693 15.
2437 1640 2519 1694 De
2564 1640 2687 1711 jure
2738 1644 2914 1711 patro-

265 1722 419 1774 natus
467 1723 525 1775 et
575 1720 892 1775 clericorum
946 1720 1395 1775 institutionibus.
1473 1721 1555 1775 16.
1593 1720 1675 1774 De
1711 1720 1910 1775 usuris.
1988 1721 2071 1775 17.
2110 1720 2191 1773 De
2237 1720 2564 1790 juramentis
2614 1720 2915 1775 servandis

267 1800 344 1855 18.
379 1801 462 1855 De
502 1800 733 1866 clericis,
771 1801 1113 1856 matrimonio
1152 1801 1436 1871 copulatis,
1474 1801 1564 1855 vel
1603 1800 1742 1865 aliis,
1780 1800 2100 1855 fornicarias
2137 1799 2478 1854 habentibus,
2540 1802 2621 1855 19.
2659 1801 2741 1854 De
2779 1800 2915 1853 ordi-

264 1880 477 1935 natione
513 1880 747 1935 filiorum
784 1882 1125 1936 sacerdotum
1164 1884 1220 1935 et
1256 1881 1458 1936 eisdem
1497 1881 1554 1935 in
1592 1880 1840 1936 ecclesiis
1888 1880 2133 1951 paternis
2168 1898 2275 1935 non
2323 1880 2637 1935 tolerandis.
2712 1881 2798 1936 20.
2837 1880 2919 1933 De

266 1960 299 2014 J
299 1961 486 2015 udaeis
507 2004 520 2026 ‚
578 1965 634 2015 et
670 1979 738 2016 110
778 1961 1073 2017 Christiani
1121 1961 1393 2031 mancipia
1443 1979 1628 2016 eorum
1677 1961 1828 2015 fiant.
1903 1960 1989 2016 21.
2027 1960 2109 2015 130
2159 1960 2437 2015 monachis
2488 1963 2545 2015 et
2593 1960 2917 2015 monialibus

264 2040 375 2095 sine
426 2041 742 2111 probatione
793 2041 1063 2112 susceptis
1079 2084 1092 2107 ,
1144 2041 1274 2095 item
1310 2042 1369 2095 in
1404 2041 1721 2112 probatione
1758 2040 1950 2111 positis
1966 2083 1979 2106 ,
2022 2041 2276 2095 recedere
2313 2040 2637 2095 volentibus.
2713 2040 2798 2095 22.
2836 2040 2918 2094 De

263 2121 507 2191 spoliatis
531 2121 885 2177 restituendis
909 2122 1001 2176 vel
1025 2140 1148 2176 non.
1199 2122 1287 2176 23.
1312 2121 1393 2175 De
1412 2121 1722 2192 juramento
1748 2121 2066 2175 calumniae.
2119 2121 2204 2175 24.
2244 2120 2324 2174 De
2362 2121 2677 2175 excessibus
2715 2120 2915 2190 episco-

261 2218 445 2270 porum
487 2205 674 2257 contra
700 2219 827 2256 suos
853 2201 1275 2267 archidiaconos,
1313 2205 1371 2256 et
1395 2201 1896 2256 archidiaconorum
1921 2203 2110 2255 contra
2146 2217 2273 2254 suos
2312 2200 2607 2271 episcopos.
2667 2201 2752 2254 25.
2794 2199 2916 2264 Qui-

261 2280 358 2335 bus
395 2285 452 2336 et
492 2283 706 2351 quando
745 2285 801 2336 et
836 2282 893 2336 in
931 2299 1094 2351 quam
1133 2285 1370 2336 aetatem
1407 2282 1719 2336 conferatur
1744 2281 2172 2336 ecclesiasticum
2210 2280 2542 2346 beneficium,
2581 2284 2638 2335 et
2661 2280 2731 2335 ad
2757 2297 2916 2348 quem

262 2366 474 2431 spectet
523 2361 875 2417 ecclesiarum
923 2361 1211 2433 reparatio.
1285 2362 1371 2417 26.
1411 2362 1491 2416 130
1543 2361 1876 2432 depositione
1928 2360 2245 2416 clericorum
2296 2364 2352 2414 et
2387 2360 2736 2431 dispositione
2774 2359 2920 2414 circa

261 2443 493 2497 eosdem.
569 2443 654 2497 27.
692 2442 775 2497 Ne
826 2441 1055 2497 clericus
1109 2442 1200 2496 vel
1237 2441 1533 2497 monachus
1584 2440 1955 2496 saecularibus
1991 2458 2051 2494 se
2087 2440 2323 2531 negotiis
2358 2440 2694 2505 immisceat,
2746 2443 2802 2494 et
2852 2441 2920 2494 de

262 2522 451 2590 regula
490 2522 884 2590 religiosorum.
959 2522 1043 2577 28.
1081 2522 1164 2576 130
1218 2521 1557 2591 pactionibus
1607 2520 1774 2575 licitis
1826 2524 1882 2575 et
1933 2520 2143 2574 illicitis
2193 2520 2249 2574 in
2299 2520 2463 2575 rebus
2513 2519 2915 2575 ecclesiasticis.

262 2602 345 2657 29.
382 2603 468 2657 130
507 2602 831 2657 alienatione
867 2620 1048 2657 rerum
1086 2601 1347 2656 ecclesiae
1385 2605 1441 2656 et
1477 2602 1543 2656 de
1580 2601 1873 2656 earundem
1908 2600 2332 2672 recuperatione.
2379 2601 2463 2656 30.
2501 2601 2610 2655 Uni
2636 2601 2793 2672 plura
2829 2600 2918 2655 be·

259 2684 451 2738 neficia
492 2683 863 2738 ecclesiastica
900 2700 1006 2738 non
1043 2683 1454 2747 committenda,
1500 2700 1600 2736 1100
1635 2699 1802 2737 unum
1850 2681 1993 2736 inter
2027 2682 2212 2752 plures
2251 2681 2627 2748 dividendum,
2668 2685 2724 2736 et
2761 2682 2826 2736 de
2863 2681 2919 2734 in

257 2763 520 2818 beneficio
576 2762 681 2818 sibi
735 2763 1014 2831 assignato
1068 2780 1176 2817 non
1228 2762 1607 2817 residentibus.
1684 2762 1768 2816 31.
1821 2762 1901 2815 De
1957 2761 2454 2816 excommunicatis.
2530 2762 2614 2817 32.
2666 2762 2748 2815 De
2799 2779 2919 2815 con·

254 2843 552 2913 jungendis
588 2842 734 2907 filiis,
771 2846 899 2898 ante
936 2843 1025 2898 vel
1063 2846 1189 2912 post
1225 2842 1731 2913 compaternitatem
1768 2841 1983 2909 genitis.
2035 2842 2120 2895 33.
2158 2841 2262 2906 Qui
2297 2841 2395 2895 filii
2432 2841 2544 2896 sint
2578 2841 2828 2911 legitimi,
2866 2844 2922 2894 et

261 2924 325 2977 (10
364 2922 653 2978 exactione
704 2923 909 2978 dotium
960 2925 1086 2994 post
1123 2922 1415 2976 divortium
1432 2965 1444 2987 ,
1498 2926 1553 2976 et
1589 2922 1658 2976 ad
1698 2939 1859 2991 quem
1895 2921 2167 2992 pertineat
2202 2921 2365 2992 hujus
2417 2939 2615 2977 causae
2666 2920 2918 2989 cognitio,

262 3004 345 3058 34.
382 3005 471 3058 De
508 3003 816 3074 raptoribus
853 3006 910 3057 et
947 3003 1300 3058 ecclesiarum
1337 3002 1710 3067 violatoribus,
1749 3004 1806 3055 et
1832 3002 2045 3070 quando
2071 3004 2195 3071 post
2219 3005 2496 3071 peractam
2533 3001 2921 3072 poenitentiam

259 3084 331 3138 sit
366 3084 624 3152 neganda
678 3084 961 3154 sepultura
1012 3082 1384 3137 ecclesiastica
1399 3125 1412 3148 ,
1468 3082 1575 3136 nisi
1624 3082 1895 3136 satisdent
1946 3082 2010 3135 de
2058 3082 2252 3135 damno
2288 3082 2639 3137 restituendo.
2715 3082 2801 3136 35.
2838 3081 2920 3134 De

256 3163 610 3235 poenitentia.
685 3164 772 3218 36.
809 3163 890 3218 De
927 3162 1214 3218 sententiis
1265 3165 1321 3217 et
1369 3162 1890 3221 interlocutionibus.
1966 3162 2050 3216 37.
2090 3161 2171 3216 De
2207 3162 2451 3232 leprosis.
2527 3162 2612 3217 38.
2651 3163 2733 3216 De
2770 3179 2920 3231 prae·

257 3243 662 3315 scriptionibus.
713 3244 800 3298 39.
837 3244 919 3298 De
955 3242 1178 3298 vicariis
1214 3242 1598 3297 monachorum
1635 3246 1693 3296 et
1728 3241 1972 3297 aliorum.
2031 3242 2118 3297 40.
2156 3242 2238 3296 De
2276 3242 2628 3297 electionibus
2666 3244 2722 3296 et
2760 3241 2921 3295 electi

255 3327 551 3395 potestate.
624 3324 711 3378 41.
751 3324 831 3378 De
867 3322 1313 3394 interpretatione
1359 3323 1645 3377 verborum
1686 3325 1742 3376 et
1776 3322 2178 3392 rescriptorum.
2252 3322 2339 3376 42.
2377 3321 2458 3375 130
2496 3321 2919 3392 exceptionibus.

255 3406 343 3460 43.
384 3406 471 3459 De
507 3403 805 3475 sepulturis
842 3407 899 3458 et
935 3404 1312 3459 defunctorum
1357 3402 1748 3456 voluntatibus.
1823 3403 1909 3455 44.
1947 3401 2029 3455 De
2066 3401 2489 3471 praeeminentia
2533 3399 2922 3456 Londoniensis

256 3488 312 3539 et
348 3484 714 3540 Eboracensis
730 3527 743 3549 ‚
796 3487 852 3539 et
889 3485 955 3539 de
990 3482 1295 3554 privilegiis
1332 3482 1661 3550 generaliter
1711 3482 1803 3536 vel
1852 3481 2164 3552 specialiter
2210 3481 2436 3536 indultis
2452 3524 2465 3546 ‚
2513 3484 2569 3535 et
2619 3481 2685 3535 de
2736 3498 2922 3535 eorum

255 3566 435 3620 abusu
475 3567 530 3619 et
566 3563 1077 3619 confirmationibus.
1152 3565 1238 3618 45.
1277 3563 1358 3617 130
1396 3561 1741 3632 sponsalibus
1779 3562 2033 3616 secundo.
2106 3562 2192 3616 46.
2230 3561 2312 3615 De
2358 3565 2628 3631 potestate
2659 3560 2920 3632 judicum.

253 3646 340 3699 47.
380 3645 469 3699 130
513 3644 636 3715 jure
672 3647 1008 3715 patronatus.
1082 3644 1169 3698 48.
1208 3644 1288 3698 De
1343 3642 1685 3713 pactionibus
1734 3642 2018 3696 secundo.“
2080 3642 2278 3712 (Apud.
2331 3643 2610 3696 Harduin.
2627 3683 2643 3711 ,
2700 3640 2921 3696 Concill.

256 3725 495 3788 collect„
531 3728 660 3779 tom.
700 3724 794 3778 VI.
834 3727 973 3794 part.
1011 3722 1063 3777 2.
1103 3723 1202 3778 001.
1242 3723 1394 3778 1693.
1433 3739 1580 3791 sqq.,
1616 3723 1852 3776 secunda
1888 3720 2011 3775 vice
2048 3720 2469 3775 occurrentibus.
2522 3721 2790 3775 Nimirum
2826 3720 2921 3774 hu-

252 3805 345 3875 jus
385 3804 726 3860 coUectionis
753 3803 1112 3859 conciliorum
1146 3807 1276 3857 tom.
1307 3803 1401 3858 VI.
1438 3820 1568 3872 pars
1594 3803 1644 3856 2.
1681 3801 1875 3872 incipit
1911 3819 1944 3855 a
1981 3801 2083 3855 col.
2113 3801 2267 3855 1621.
2306 3804 2362 3855 et
2398 3801 2466 3855 ab
2503 3801 2607 3856 hac
2644 3818 2816 3870 usque
2853 3801 2923 3855 ad

255 3884 355 3939 col.
401 3884 560 3938 1999.
598 3882 870 3954 procedit;
920 3886 1045 3953 post
1081 3899 1244 3951 quam
1281 3884 1675 3951 consequenter
1713 3879 1839 3951 poni
1877 3879 2064 3934 debuit
2100 3879 2200 3934 col.
2241 3880 2396 3936 2000.
2415 3922 2428 3944 ,
2467 3883 2711 3935 attamen
2747 3880 2924 3950 posita

253 3982 353 4034 per
392 3980 637 4018 errorem
693 3966 779 4017 est
815 3963 915 4017 col.
959 3962 1096 4018 1100
1110 4004 1127 4032 ‚
1184 3966 1240 4016 et
1290 3964 1414 4032 post
1449 3961 1591 4015 hanc
1625 3959 1930 4015 numeratio
1982 3963 2375 4029 consequenter
2412 3960 2584 4014 currit
2600 4002 2612 4024 ,
2668 3960 2926 4014 videlicet

256 4044 357 4098 col.
403 4043 592 4107 1101.,
644 4042 744 4097 col.
787 4043 941 4097 1102.
980 4060 1026 4096 0.
1065 4059 1109 4096 3.
1149 4060 1231 4111 11.,
1282 4041 1361 4095 ita
1410 4044 1474 4095 ut
1523 4041 1645 4095 coll.
1688 4040 1843 4094 1621.
1881 4057 2001 4109 sqq.
2058 4041 2232 4094 denuo
2283 4043 2580 4095 recurrant.
2656 4039 2803 4105 Quas
2840 4057 2923 4094 co-

254 4124 495 4188 lumnae,
536 4124 709 4177 denuo
746 4125 1105 4188 recurrenteS,
1142 4122 1232 4176 hic
1266 4125 1322 4176 et
1354 4120 1485 4175 alibi
1509 4120 1812 4176 indicamus
1836 4138 2058 4174 numero
2082 4119 2384 4174 millenario
2408 4122 2708 4188 majuscula
2741 4122 2924 4187 forma

257 4202 551 4272 exhibito.)

450 4296 466 4328 ¹
508 4291 625 4357 Qua
661 4291 871 4346 ratione
907 4310 961 4346 11.
1000 4308 1055 4359 3.
1092 4295 1232 4362 part.
1271 4291 1337 4345 X.
1378 4307 1494 4360 cap.
1536 4290 1583 4344 1.
1621 4289 1945 4359 inscriptum
1984 4292 2096 4344 est:
2135 4291 2447 4343 Alexander
2484 4291 2590 4343 III.
2629 4291 2925 4342 Exoniensi

258 4377 509 4441 episcopo
546 4380 593 4425 et
629 4374 829 4426 decano
864 4373 1249 4426 In'ncolniemi.

447 4462 469 4496 ²
506 4461 592 4515 Ita
627 4479 681 4514 11.
721 4477 774 4528 3.
813 4459 1096 4530 inscriptio
1134 4477 1252 4530 cap.
1290 4460 1340 4513 5.
1392 4462 1533 4529 part.
1572 4457 1875 4512 XXXVIII.
1895 4500 1908 4522 ‚
1948 4458 2091 4526 quod
2126 4456 2340 4528 proprie
2379 4456 2705 4513 decretalem
2743 4456 2925 4526 Papae

255 4543 580 4595 Alexandri
617 4542 723 4594 III.
762 4539 1005 4594 continet
1040 4543 1207 4609 atque
1243 4538 1324 4593 ita
1360 4538 1684 4608 inscriptum
1721 4540 1833 4591 est:
1888 4538 2055 4603 „Item
2092 4537 2361 4605 gloriosus
2399 4536 2648 4592 Clemens
2684 4535 2742 4589 in
2765 4535 2925 4590 Libro

255 4622 651 4676 80101110111111.ἰ
708 4619 817 4674 cfr.
844 4623 973 4674 Ant.
1000 4623 1296 4689 Auyuctini
1318 4618 1651 4673 notationem
1676 4618 1748 4672 ad
1774 4616 1956 4688 Comp.
1984 4617 2024 4671 1.
2052 4635 2169 4687 cap.
2199 4619 2246 4671 7.
2275 4618 2340 4671 de
2365 4616 2682 4687 praescript.
2709 4617 2795 4680 ΙΙ.,
2825 4617 2925 4682 18.,

252 4702 313 4756 111
353 4703 590 4770 eiusdem
624 4699 898 4769 Antiquae
944 4699 1291 4754 collectiones
1329 4697 1699 4763 decretalium,
1742 4698 1824 4751 ed.
1864 4697 2022 4752 Ilerd.
2067 4698 2222 4761 1576,
2259 4696 2351 4750 fol.
2391 4696 2513 4751 292.
2529 4696 2593 4761 b;
2633 4697 2715 4751 ed.
2750 4695 2924 4751 Paris.

256 4783 427 4846 1609,
463 4797 588 4851 pag.
626 4780 748 4836 530.
