3355 5328
1371 334 1551 390 Sectio
1586 335 1627 389 L
1679 335 1716 402 ἐ
1750 336 1836 391 58.
2865 334 2934 390 95

279 492 589 574 continet,
636 501 903 579 praeter
948 517 1230 564 canones
1269 496 1598 579 generalis
1644 495 1910 562 Concilii
1940 497 2402 562 Lateranensis
2449 497 2575 562 HI.
2580 548 2598 581 ,
2649 494 2778 578 qui,
2829 516 2935 561 or-

279 590 426 656 dine
471 592 798 660 materiali
845 594 1175 679 dispositi,
1241 595 1310 659 in
1362 597 1444 659 28
1496 594 1819 679 capitibus
1878 592 2222 678 praemissi
2269 597 2424 660 sunt
2467 593 2663 660 titulo
2712 593 2799 672 1.‚
2866 597 2936 659 et

276 694 544 772 praeter
587 692 932 758 nonnullos
978 713 1260 760 canones
1307 692 1584 759 aliorum
1621 691 2052 758 Conciliorum
2071 740 2086 771 ‚
2135 690 2525 775 praesertim
2572 691 2935 757 decretales

245 832 247 834 -
278 786 500 870 Papae
544 791 910 856 Alexandri
955 792 1082 857 ΙΙΙ.
1106 841 1120 870 ,
1168 791 1436 875 insuper
1482 793 1706 856 autem
1752 790 2097 855 nonnullas
2146 790 2509 856 decretales
2556 789 2697 872 ejus
2741 809 2935 873 prae-

277 884 694 952 decessorum
741 892 941 971 atque
989 889 1129 973 ejus
1176 888 1570 954 successoris
1616 890 1808 954 Lucii
1854 888 1982 953 ΙΙΙ.

454 993 798 1061 Adornata
843 999 944 1061 est
988 997 1096 1062 vel
1142 995 1390 1062 ultimis
1432 995 1620 1062 annis
1667 993 2099 1061 Pontificatus
2135 995 2326 1060 Lucii
2366 994 2516 1077 IIL,
2565 993 2673 1058 vel
2707 992 2935 1076 primis

275 1091 466 1156 annis
512 1092 941 1160 Pontificatus
988 1094 1383 1159 successoris
1430 1094 1589 1178 ejus,
1637 1092 1885 1158 Urbani
1931 1092 2058 1158 III.
2144 1092 2235 1158 Et
2281 1090 2539 1173 quidem
2586 1091 2669 1156 ab
2717 1090 2934 1172 aliquo

278 1189 464 1254 Gallo
511 1190 833 1257 adornata
878 1212 1024 1257 esse
1068 1191 1350 1270 videtur,
1401 1190 1553 1274 quia
1597 1189 1991 1275 praesertim
2035 1190 2417 1267 decretales,
2468 1189 2552 1254 ad
2598 1188 2934 1272 episcopos

277 1286 534 1354 Galliae
581 1289 884 1370 directas,
933 1289 1244 1356 continet.
1308 1290 1410 1354 De
1457 1292 1721 1355 caetero
1769 1291 1991 1354 autem
2038 1287 2178 1371 ejus
2226 1290 2457 1353 auctor
2499 1285 2764 1368 ignotus
2811 1288 2930 1351 est.

274 1385 352 1450 In
395 1406 477 1451 ea
517 1386 897 1455 adornanda
946 1390 1176 1454 auctor
1218 1386 1665 1454 collectionem
1713 1386 2269 1467 Bambergensem
2286 1434 2302 1463 ,
2366 1404 2565 1468 supra
2611 1404 2932 1449 memora·

275 1488 438 1562 tam,
489 1485 804 1553 adhibuit.

454 1592 678 1659 Etiam
723 1613 871 1658 eum
917 1594 1271 1659 Decretum
1318 1591 1617 1658 Gratiani
1661 1612 1792 1657 non
1838 1591 2049 1656 solum
2096 1589 2496 1668 continuare,
2546 1589 2662 1654 sed
2708 1587 2929 1665 etiam,

272 1689 344 1753 in
391 1694 707 1771 quantum
755 1693 900 1757 erat
943 1689 1442 1774 incompletum,
1502 1690 1829 1774 complere
1875 1688 2161 1754 voluisse
2180 1738 2194 1767 ,
2256 1687 2428 1755 inter
2474 1691 2738 1753 caetera
2782 1685 2934 1750 inde

276 1786 626 1870 colligitur,
676 1788 848 1871 quod
891 1787 948 1853 is
993 1787 1266 1855 citatam
1303 1787 1838 1854 constitutionem
1880 1787 2102 1871 Papae
2147 1787 2381 1851 Leonis
2431 1784 2589 1851 IX.:
2640 1786 2928 1850 Relatum

278 1892 400 1968 est,
463 1884 524 1950 d.
591 1885 651 1951 d.
715 1887 818 1951 20.
867 1885 1074 1969 April.
1145 1887 1313 1950 1052
1334 1934 1348 1963 ,
1410 1884 1477 1949 in
1539 1906 1727 1950 suam
1789 1883 2237 1950 collectionem
2301 1882 2531 1949 retulit
2588 1881 2806 1964 ibique
2864 1881 2932 1945 in

274 1981 380 2048 tit.
430 1982 667 2049 XXIII.
717 2003 857 2067 cap.
910 1985 1014 2049 28.
1063 1982 1285 2068 posuit
1313 1981 1354 2048 ¹.

1071 2200 1110 2287 ξ
1159 2197 1260 2268 58.
1355 2199 1661 2268 Collectio
1711 2199 2064 2267 Casselana
2085 2197 2130 2264 ².

460 2368 768 2453 Collectio
814 2371 977 2436 haec
1022 2389 1260 2434 nomen
1303 2368 1455 2435 inde
1500 2370 1721 2446 habet,
1772 2367 1943 2449 quod
1973 2367 2041 2432 in
2073 2366 2292 2433 codice
2322 2387 2442 2432 ms.
2478 2365 2929 2444 bibliothecae,

273 2467 436 2534 olim
482 2467 752 2547 aulicae,
800 2488 971 2534 nunc
1016 2466 1453 2551 provincialia
1504 2467 2130 2532 Hasce-Casselanae
2161 2463 2339 2545 (God.
2374 2485 2494 2529 ms.
2527 2464 2571 2529 J
2573 2485 2670 2529 ur.
2705 2463 2771 2528 in
2818 2463 2929 2530 fol.

267 2694 451 2751 macia
502 2695 728 2750 alterius
778 2697 952 2767 partis
1003 2697 1290 2767 punienda.
1365 2697 1452 2752 41.
1504 2696 1737 2751 Missum
1773 2696 1829 2749 in
1867 2695 2259 2765 possessionem
2312 2711 2479 2748 causa
2514 2693 2595 2747 rei
2630 2692 2934 2747 servandae

267 2779 401 2847 post
436 2794 638 2829 annum
674 2776 965 2847 possidere.
1039 2777 1126 2831 42.
1165 2777 1245 2831 De
1283 2776 1734 2832 accusationibus.
1794 2776 1881 2830 43.
1918 2776 2001 2830 De
2035 2775 2271 2829 testibus
2308 2777 2365 2828 et
2400 2772 2841 2828 attestationibus
2880 2775 2935 2826 et

266 2855 509 2927 publicis
557 2855 949 2911 instrumentis.
1023 2858 1110 2911 44.
1149 2857 1346 2911 Laicus
1402 2874 1660 2912 accusare
1711 2874 1818 2910 non
1867 2859 2049 2926 potest
2098 2856 2371 2909 clericum.
2436 2851 2531 2908 45.
2570 2853 2650 2907 De
2699 2852 2934 2907 testibus

266 2935 535 3003 cogendis
571 2936 661 2990 vel
698 2954 804 2990 non
841 2937 1112 3005 cogendis.
1185 2938 1273 2992 46.
1311 2938 1393 2992 De
1430 2936 1869 3008 praescriptione.
1942 2937 2029 2990 47.
2067 2936 2148 2989 De
2186 2933 2654 3005 appellationibus
2727 2933 2815 2988 48.
2852 2933 2934 2987 De

265 3017 391 3070 foro
429 3016 509 3070 rei
546 3017 836 3085 sequendo.
910 3018 997 3072 49.
1034 3017 1116 3071 De
1153 3017 1311 3072 novis
1347 3017 1589 3072 statutis.
1663 3018 1750 3072 50.
1789 3017 1871 3070 De
1908 3015 2149 3086 principe
2200 3014 2549 3069 custodiendo
2602 3016 2657 3067 et
2687 3012 2932 3083 judicum

263 3096 530 3167 puritate.
606 3097 691 3151 51.
729 3097 810 3151 De
848 3097 1252 3152 confirmatione
1288 3098 1412 3152 utili
1449 3101 1505 3153 et
1540 3096 1723 3151 inutili
1759 3100 1816 3151 et
1850 3096 2133 3166 rescriptis
2169 3093 2441 3164 suspectis
2477 3097 2534 3148 et
2568 3093 2820 3163 rescripti
2854 3092 2933 3146 in-

262 3176 664 3246 terpretatione
715 3181 772 3231 et
818 3177 1156 3232 executionis
1212 3178 1486 3232 dilatione.
1561 3179 1647 3231 52.
1686 3177 1767 3231 De
1812 3177 1936 3247 jure
1986 3179 2306 3247 patronatus
2342 3174 2400 3229 in
2437 3173 2684 3229 ecclesiis
2720 3172 2935 3227 clericis

263 3256 551 3311 concessis
600 3274 634 3311 a
684 3256 857 3312 laicis.
935 3258 1019 3312 53.
1058 3257 1320 3328 Depositi.
1397 3259 1482 3313 54.
1528 3258 1609 3311 De
1660 3257 1902 3311 vitandis
1952 3255 2245 3311 haereticis
2295 3258 2352 3309 et
2388 3271 2572 3308 eorum
2608 3253 2932 3323 receptione.

263 3337 360 3391 55.
402 3336 484 3391 De
512 3337 546 3391 J
547 3337 752 3403 udaeiS,
792 3341 848 3393 et
883 3356 952 3392 ne
979 3337 1275 3393 Christiani
1309 3356 1492 3393 eorum
1528 3338 1798 3408 mancipia
1835 3338 1985 3402 fiant,
2024 3340 2080 3391 et
2102 3355 2171 3390 ne
2205 3336 2328 3405 quis
2352 3334 2728 3389 subministret
2764 3332 2932 3399 ligne-

262 3416 460 3471 amina
497 3416 825 3472 Sarracenis.
902 3419 987 3472 56.
1025 3417 1107 3473 De
1144 3418 1570 3489 praeeminentia
1607 3417 1982 3472 Lundonensis
2030 3419 2086 3471 et
2120 3414 2495 3470 Eboracensis.
2570 3414 2655 3466 57.
2694 3413 2774 3466 De
2812 3430 2932 3466 con-

262 3497 549 3552 troversia
573 3497 904 3553 Turonensis
941 3515 1065 3553 cum
1100 3498 1339 3553 Dolensi.
1390 3499 1476 3553 58.
1515 3499 1595 3553 De
1632 3498 1851 3568 sponsis
1886 3496 2209 3567 conjugatis,
2245 3493 2635 3550 monasterium
2670 3492 2934 3561 ingressis

263 3577 366 3632 vel
406 3576 618 3645 ingredi
654 3577 981 3633 volentibus.
1056 3580 1142 3633 59.
1181 3578 1262 3633 De
1299 3578 1638 3633 matrimonio
1677 3577 2043 3633 contrahendo
2093 3576 2185 3631 vel
2216 3576 2332 3646 jam
2369 3576 2645 3629 contracto
2684 3575 2740 3627 et
2775 3590 2931 3642 spon-

261 3657 501 3713 salibus.
548 3659 633 3713 60.
670 3658 752 3712 De
790 3675 868 3724 eo,
906 3658 1001 3728 qui
1026 3658 1285 3727 cognovit
1309 3658 1768 3727 consanguineam
1792 3658 1980 3712 uxoris
2016 3674 2165 3720 suae,
2201 3656 2292 3710 vel
2330 3671 2585 3725 sponsam
2621 3652 2794 3723 patris
2832 3652 2933 3718 sui,

262 3738 367 3792 vel
421 3737 881 3806 consanguineam
932 3756 1162 3809 sponsae
1207 3739 1471 3809 propriae.
1548 3739 1632 3793 61.
1671 3737 1753 3792 De
1804 3736 2193 3808 conjungendis
2245 3734 2491 3805 leprosis,
2566 3734 2651 3787 62.
2690 3733 2771 3787 De
2806 3732 2935 3787 filiis

262 3816 669 3888 conjungendis
685 3859 700 3883 ,
752 3821 880 3872 ante
927 3819 1433 3889 compaternitatem
1469 3818 1559 3872 vel
1599 3822 1725 3888 post
1759 3817 1975 3886 genitis.
2050 3818 2134 3872 63.
2175 3816 2278 3882 Qui
2313 3814 2413 3870 filii
2462 3814 2575 3869 sint
2608 3812 2841 3881 legitimi
2880 3817 2936 3867 et

263 3899 339 3953 de
384 3897 509 3951 dote
559 3900 682 3967 post
729 3898 1024 3953 divortium
1059 3899 1396 3954 restituenda
1412 3942 1424 3964 ,
1477 3902 1534 3953 et
1583 3900 1652 3953 ad
1703 3915 1866 3968 quem
1901 3898 2037 3952 haec
2085 3896 2358 3966 pertineat
2401 3894 2655 3963 cognitio.
2728 3893 2814 3948 64.
2852 3894 2934 3947 De

261 3976 494 4033 clericis
558 3977 1032 4034 matrimonialiter
1087 3979 1355 4050 copulatis
1419 3982 1475 4033 et
1528 3978 1652 4033 aliis
1672 4021 1686 4043 ,
1755 3978 1849 4046 qui
1902 3977 2222 4032 fornicarias
2276 3977 2494 4030 habent.
2582 3975 2667 4029 65.
2719 3974 2800 4027 De
2851 3990 2932 4028 se-

261 4056 471 4114 cundis
506 4057 758 4127 nuptii8.“
809 4058 1079 4128 (Quinque
1107 4058 1526 4129 compilationes
1564 4058 1838 4128 antiquae,
1876 4059 1957 4112 ed.
1997 4059 2187 4111 Aemil.
2226 4058 2537 4124 Friedbery,
2588 4054 2734 4124 Lips.
2778 4054 2931 4118 1882,

260 4158 320 4209 p.
371 4137 491 4192 190.
529 4138 674 4207 sqq.)

459 4228 480 4261 ¹
516 4227 788 4297 Impressa
825 4231 912 4282 est
947 4228 1195 4283 collectio
1232 4228 1384 4292 haec,
1422 4231 1665 4284 attamen
1703 4228 2037 4282 solummodo
2077 4245 2106 4281 e
2143 4230 2315 4297 parte,
2352 4226 2608 4282 nimirum
2634 4222 2810 4292 quoad
2836 4222 2931 4276 illa

258 4306 476 4377 capita,
515 4324 654 4375 quae
691 4307 748 4361 in
783 4308 934 4362 nulla
971 4308 1080 4363 alia
1104 4308 1421 4363 collectione
1447 4307 1800 4363 decretalium
1823 4307 2089 4378 impressa
2114 4310 2419 4371 occurrunt,
2456 4306 2514 4359 in
2540 4321 2727 4374 opere:
2769 4301 2930 4367 Quin-

259 4403 419 4457 quae
458 4386 876 4457 Compilationes
913 4388 1186 4457 antiquae,
1224 4389 1306 4443 ed.
1345 4390 1536 4442 Aemil.
1576 4389 1887 4457 Friedbery,
1925 4387 2071 4457 Lips.
2114 4387 2267 4452 1882,
2304 4405 2355 4457 p.
2400 4386 2516 4441 189.
2555 4401 2675 4453 sqq.

458 4477 481 4512 ²
518 4478 656 4531 Just.
696 4479 954 4546 Henniny
989 4479 1238 4547 B6hmer‚
1275 4476 1601 4532 Dissertatio
1639 4476 1814 4531 altera
1852 4478 1918 4531 de
1956 4476 2309 4531 decretalium
2333 4475 2548 4530 Pontiff.
2587 4473 2796 4527 Romm.
2836 4488 2928 4524 va·

257 4557 374 4612 riis
412 4555 836 4623 collectionibus»,
875 4557 942 4625 §§
967 4558 1114 4613 XIII.
1155 4562 1212 4613 et
1234 4558 1451 4622 XVIH.,
1488 4557 1546 4612 in
1572 4556 1728 4627 Corp.
1761 4557 1871 4628 jur.
1909 4575 2046 4621 can„
2084 4556 2152 4611 ab
2188 4557 2308 4627 ipso
2344 4556 2426 4610 ed.
2465 4554 2639 4609 Halae
2675 4551 2928 4619 Magdeb.

261 4637 443 4701 1747,
473 4640 602 4690 tom.
641 4637 709 4691 Π.
748 4637 1001 4706 Prolegg.
1040 4656 1092 4708 p.
1132 4638 1330 4692 XXIII.
1369 4655 1524 4707 sqq.;
1581 4639 1810 4708 Sebaste,
1848 4637 2072 4705 Beitrag
2108 4655 2206 4691 zur
2241 4634 2570 4691 Geschichte
2607 4636 2703 4688 des
2739 4650 2929 4688 canon.

257 4717 486 4774 Rechts
522 4734 631 4771 von
669 4716 898 4772 Gratian
933 4718 1018 4772 bis
1055 4719 1153 4772 auf
1185 4718 1465 4772 Bernhard
1502 4736 1611 4772 von
1646 4718 1822 4773 Pavia
1837 4761 1850 4783 ,
1905 4717 1962 4771 in
1999 4716 2114 4772 citt.
2152 4717 2333 4771 relatt.
2370 4733 2505 4770 sess.
2543 4719 2672 4769 tom.
2712 4714 2927 4771 LXXII.

256 4819 317 4870 p.
366 4797 490 4852 493.
529 4813 649 4866 sqq.
667 4816 680 4861 ;
718 4800 882 4867 Idem,
919 4797 1021 4852 Die
1059 4797 1386 4853 Geschichte
1420 4799 1520 4853 der
1557 4798 1801 4864 Quellen,
1837 4801 1966 4852 tom.
2005 4799 2046 4851 I.
2086 4816 2136 4867 p.
2177 4798 2260 4852 78.
