3355 5328
1424 334 1601 405 Caput
1636 335 1729 389 vi.
1782 335 1815 403 s
1851 336 1938 390 45.
2937 335 3002 389 71

744 551 783 638 ξ
830 548 939 618 45.
1030 551 1366 620 Ulteriora
1413 554 1767 621 Decretum
1815 536 2204 622 emendandi
2253 555 2612 643 conamina.

530 723 740 800 Quum
788 724 989 790 etiam
1036 728 1189 808 post
1235 725 1691 791 Gorrectorum
1737 725 2181 790 Romanorum
2230 745 2421 790 curas
2466 723 2641 789 haud
2686 744 2897 807 pauca
2941 722 3009 787 in

335 822 631 888 Decreto
681 821 978 888 Gratiani
1027 822 1691 906 deprehenderentur,
1742 844 1909 905 quae
1956 823 2361 889 correctione
2406 821 2808 903 indigebant,
2856 820 3008 885 hinc

338 918 465 984 alii
510 919 635 984 viri
683 919 922 986 eruditi
968 919 1097 985 illis
1145 920 1549 1003 corrigendis
1596 942 1820 986 curam
1869 925 1937 987 et
1984 942 2253 1004 operam
2283 920 2759 1004 impenderunt.
2827 918 3009 984 Inter

341 1037 514 1099 quos
558 1037 718 1101 prae
766 1017 1045 1083 caeteris
1090 1018 1493 1084 memorandi
1539 1021 1695 1084 sunt

534 1117 593 1180 1.
640 1117 959 1180 Antonius
991 1117 1408 1200 Auqustinus,
1451 1118 1590 1200 jam
1637 1137 1837 1200 supra
1867 1116 2174 1183 laudatus
2199 1114 2240 1194 ¹,
2290 1116 2419 1198 qui,
2469 1136 2666 1198 quum
2712 1118 3010 1198 tempore

342 1213 703 1294 evulgatae
752 1213 1054 1279 editionis
1085 1214 1350 1280 Decreti
1382 1214 1740 1298 Romanae,
1791 1235 1849 1280 a.
1890 1216 2082 1293 1582,
2131 1235 2317 1279 suam
2375 1214 2508 1291 „De
2556 1211 3009 1277 emendatione

344 1309 686 1376 Gratiani“
744 1311 1273 1377 dissertationem
1316 1313 1454 1395 jam
1502 1313 1872 1378 absolutam
1918 1312 2220 1390 haberet,
2285 1312 2495 1376 eidem
2543 1309 3008 1387 dissertationi,

344 1407 530 1473 dicta
576 1408 859 1474 editione
889 1409 1189 1474 Romana
1235 1415 1542 1476 accurate
1591 1409 1852 1487 collata,
1903 1431 2228 1492 congruas
2276 1412 2638 1474 additiones
2684 1406 3008 1493 apposuit,

344 1505 585 1587 quibus
645 1511 841 1573 aucta
902 1507 1279 1573 dissertatio
1343 1507 1459 1573 illa
1503 1508 1716 1592 prima
1761 1508 1905 1572 vice
1963 1508 2143 1591 typis
2198 1507 2441 1591 prodiit
2487 1507 2901 1572 Tarraconae
2949 1525 3007 1570 a.

349 1604 549 1681 1587,
599 1607 667 1670 et
715 1604 1018 1689 deinceps
1065 1605 1219 1670 alibi
1268 1605 1529 1690 saepius
1550 1602 1593 1671 ².

533 1704 591 1767 2.
656 1703 1041 1768 Francisous
1088 1704 1357 1768 Florens
1405 1704 1726 1784 (morem)
1741 1756 1760 1787 ,
1803 1704 1968 1787 juris
2017 1703 2309 1769 canonici
2355 1703 2422 1767 in
2469 1701 2826 1767 Academia
2872 1700 3010 1765 Au-

344 1798 704 1864 relianensi
750 1800 1085 1884 professor
1116 1801 1186 1882 (†
1224 1801 1422 1883 1650)
1448 1797 1494 1878 ³,
1544 1801 1654 1883 qui
1702 1802 1785 1866 ad
1832 1802 2002 1866 hunc
2033 1803 2229 1865 finem
2263 1800 2569 1866 exaravit
2602 1797 3011 1864 dissertatio-

342 1917 522 1975 nem,
555 1897 968 1981 inscriptam:
1015 1900 1147 1976 „De
1179 1899 1487 1964 methodo
1520 1904 1720 1981 atque
1752 1899 2149 1965 auctoritate
2175 1898 2576 1964 collectionis
2603 1896 2957 1963 Gratiani.“
2985 1894 3013 1933 ⁴

535 1997 594 2060 3.
663 1997 1021 2081 Stephanus
1082 1997 1396 2062 Baluzius
1419 2047 1433 2075 ,
1497 1997 1792 2062 eruditus
1840 1997 2067 2062 Gallus
2123 1996 2193 2079 (†
2245 1996 2476 2078 1718),
2541 1995 2650 2078 qui
2709 1993 3012 2079 praefato

346 2092 538 2175 operi
584 2093 854 2159 Antonii
901 2094 1273 2176 Augustini,
1324 2095 1405 2159 ab
1452 2094 1593 2178 ipso
1640 2095 1848 2160 Paris.
1906 2097 2075 2160 1672
2125 2094 2338 2172 edite,
2406 2092 2707 2177 adjunxit
2764 2091 3011 2170 „Notas

347 2190 440 2255 ad
490 2189 951 2269 Gratianum“;
1002 2213 1169 2274 quae
1215 2196 1441 2258 tamen
1489 2193 1751 2258 decreto
1787 2192 1848 2258 S.
1884 2192 2117 2274 Congr.
2166 2191 2425 2270 Indicis,
2476 2191 2534 2256 d.
2586 2191 2645 2256 d.
2699 2192 2799 2255 19.
2834 2188 3014 2254 Junii

355 2289 553 2366 1674,
603 2288 671 2352 in
716 2289 1002 2354 Iudicem
1047 2290 1360 2355 librorum
1407 2291 1885 2373 prohibitorum
1932 2290 2184 2355 relatae
2232 2293 2385 2354 sunt
2406 2288 2449 2355 ⁵.

538 2388 597 2451 4.
652 2388 917 2453 Carolus
964 2388 1379 2453 Sebastianus
1425 2389 1766 2454 Berardus
1779 2440 1798 2473 ,
1862 2388 2129 2453 natione
2175 2388 2402 2465 Italus,
2449 2386 2518 2451 in
2561 2384 3016 2452 Universitate

348 2481 745 2550 Taurinensi
783 2485 949 2568 juris
981 2485 1274 2551 canonici
1317 2486 1652 2570 professor
1683 2484 1753 2567 (†
1786 2508 1838 2551 c.
1875 2507 1933 2551 a.
1973 2485 2171 2567 1766)
2198 2482 2243 2551 ⁶.
2308 2484 2429 2562 Qui
2461 2484 2722 2566 quidem
2755 2481 3015 2547 omnino

349 2601 607 2645 morem
667 2602 904 2664 gerens
967 2583 1416 2667 prohibitioni,
1485 2604 1525 2648 a
1584 2584 1768 2667 Papa
1831 2584 2134 2670 Greyorio
2196 2583 2392 2648 XIII.
2458 2602 2657 2666 supra
2716 2579 3016 2646 adductis

348 2678 598 2744 litteris
646 2680 988 2746 brevibus:
1054 2683 1260 2763 Quum
1300 2704 1420 2767 pro
1467 2705 1727 2747 munere
1760 2685 2101 2768 pastorali,
2151 2685 2252 2748 et:
2315 2683 2839 2746 Emendationem
2887 2680 3014 2744 De-

351 2785 670 2843 cretorum
715 2778 963 2856 factae,
1013 2800 1054 2844 a
1099 2780 1463 2845 mutatione
1509 2783 1739 2845 textus
1785 2780 2080 2857 Decreti,
2142 2779 2210 2844 in
2257 2779 2541 2845 editione
2587 2779 2886 2844 Romana
2932 2778 3015 2842 ab

352 2895 419 2939 a.
475 2876 642 2939 1582
689 2877 1028 2960 propositi,
1079 2877 1303 2942 sedulo
1352 2878 1669 2944 abstinuit
1718 2881 1786 2943 et
1830 2899 1950 2962 pro
1998 2877 2289 2962 ejusdem
2335 2881 2564 2944 textus
2611 2875 3015 2942 correctione

350 2972 688 3055 peculiare
735 2995 898 3057 opus
946 2975 1252 3040 exaravit
1298 2976 1417 3040 sub
1463 2975 1695 3041 titulo:
1753 2976 2098 3053 „Gratiani
2145 2997 2414 3041 canones
2441 2977 2706 3060 yenuini
2740 2976 2816 3039 ab
2868 2996 3015 3059 apo-

352 3072 615 3155 cryphis
657 3072 949 3137 discreti“
981 3072 1023 3157 ⁷,
1087 3094 1214 3155 quo
1261 3073 1651 3157 praesertim
1698 3073 2155 3157 inscriptiones
2202 3073 2608 3155 singularum
2656 3070 3013 3137 auctorita-

349 3171 501 3232 tum
521 3219 534 3246 ,
597 3173 816 3235 utrum
863 3170 1186 3252 genuinae
1242 3192 1327 3236 an
1374 3171 1635 3254 spuriae
1681 3171 1842 3247 sint,
1906 3171 2219 3254 expendit
2280 3174 2348 3236 et
2394 3170 2852 3254 inscriptiones
2898 3189 3014 3250 ge—

351 3266 592 3331 nuinas
638 3268 988 3334 restituere
1036 3269 1302 3350 satagit.
1398 3269 1580 3346 Quod
1644 3290 1806 3352 opus
1854 3290 2248 3351 quamquam
2293 3290 2424 3333 non
2471 3269 2558 3334 sit
2603 3269 2686 3333 ab
2719 3267 3016 3333 omnibus

290 3443 293 3446 Α
350 3365 587 3430 naevis
630 3365 907 3430 liberum
923 3364 968 3443 ⁸,
1030 3370 1255 3432 tamen
1299 3388 1418 3450 pro
1458 3366 1848 3449 indagandis
1897 3366 2186 3431 fontibus
2237 3366 2705 3432 auctoritatum
2750 3363 3016 3430 Decreti

352 3483 676 3546 perquam
723 3464 883 3529 utile
931 3464 1056 3529 dici
1104 3466 1316 3530 debet.

541 3562 600 3625 5.
650 3561 897 3626 Paulus
941 3563 1254 3647 Josephus
1301 3565 1588 3648 Rieyyer,
1632 3562 1799 3646 juris
1846 3562 2138 3627 canonici
2184 3562 2251 3625 in
2282 3561 2736 3627 Universitate
2767 3559 3016 3624 Vindo-

352 3658 631 3723 bonensi
685 3658 1020 3742 professor
1080 3659 1150 3742 (†
1204 3660 1402 3742 1775)
1425 3660 1470 3738 ⁹,
1535 3661 1643 3742 qui
1712 3661 1794 3725 ad
1858 3659 2231 3744 praefatum
2278 3662 2471 3724 finem
2533 3657 2836 3723 exaravit
2884 3656 3015 3721 dis-

540 3853 560 3888 ¹
599 3850 707 3905 cfr.
747 3868 912 3921 supra
948 3869 999 3921 p.
1039 3850 1124 3904 62.

540 3931 561 3965 ²
597 3932 745 3985 Inter
782 3934 999 3985 caetera
1036 3931 1180 4000 apud
1224 3932 1578 3984 Gallandium
1590 3972 1606 3999 ,
1645 3930 1726 3984 De
1751 3932 1989 3985 vetustis
2027 3945 2292 3985 canonum
2317 3930 2725 3985 collectionibus
2752 3933 2872 3994 etc„
2911 3931 3014 3984 Ve-

353 4015 467 4065 net.
511 4011 665 4075 1778,
702 4030 753 4082 p.
779 4011 901 4065 437.
929 4028 1049 4079 sqq.
1099 4010 1179 4064 De
1218 4009 1340 4064 aliis
1378 4010 1495 4080 ejus
1533 4009 1859 4064 editionibus
1897 4012 1993 4064 cfr.
2035 4013 2280 4080 Phillips,
2319 4010 2728 4075 Kirehenrecht,
2765 4014 2893 4064 tom.
2921 4009 3014 4062 IV.

351 4110 408 4162 p.
452 4092 570 4147 194.
607 4095 719 4146 not.
757 4092 841 4145 31.

540 4173 560 4207 ³
598 4173 817 4239 Doujat,
855 4171 1131 4224 Praenott.
1172 4188 1397 4224 canonn.
1435 4170 1525 4225 lib.
1566 4170 1631 4224 V.
1673 4188 1788 4240 cap.
1830 4173 1877 4225 9.
1925 4171 2029 4239 (ed.
2066 4171 2258 4225 Venet.
2303 4173 2456 4236 1717,
2494 4190 2545 4241 p.
2582 4171 2704 4225 473.
2744 4168 2871 4239 sq.).

538 4253 562 4287 4
597 4251 758 4321 Apud
802 4253 1158 4304 Gallandium
1194 4250 1229 4304 l.
1271 4268 1316 4305 c.
1354 4268 1408 4320 p.
1444 4250 1566 4304 423.
1607 4268 1727 4319 sqq.

542 4334 563 4367 ⁵
601 4333 828 4396 Schulte,
865 4331 965 4384 Die
1005 4330 1332 4385 Geschichte
1370 4331 1465 4384 der
1503 4330 1746 4396 Quellen,
1783 4334 1911 4385 tom.
1952 4332 2046 4385 ΙΙΙ.
2087 4335 2227 4401 part.
2273 4333 2317 4384 1.
2358 4350 2408 4402 p.
2450 4331 2570 4385 623.

540 4413 561 4446 θ
598 4414 762 4465 Lucii
811 4413 1073 4465 Fero-aris
1115 4411 1375 4481 Prompta
1418 4411 1556 4464 Bibl.
1603 4428 1790 4464 canon.
1814 4453 1826 4474 ,
1877 4412 1958 4464 ed.
2007 4414 2060 4464 J.
2117 4413 2172 4464 P.
2221 4414 2427 4479 Miyne,
2479 4410 2651 4464 Paris.
2701 4410 2834 4464 1861
2878 4427 3016 4478 sqq„

352 4496 487 4547 tom.
527 4492 673 4546 VIII.
712 4491 811 4545 col.
852 4491 972 4545 583.

541 4573 560 4606 '¹
599 4570 752 4636 Quod
789 4570 986 4640 prodiit
1025 4571 1309 4637 Augustae
1347 4570 1565 4624 Taurin.
1598 4571 1966 4637 1752—1757,
2005 4575 2060 4624 et
2096 4570 2296 4625 iterum
2332 4572 2525 4625 Venet.
2568 4569 2720 4624 1783.
2762 4570 2793 4622 3
2832 4571 3017 4639 partt„

350 4654 389 4708 4
425 4656 614 4706 tomm.
653 4650 709 4703 in
744 4652 832 4705 4⁰.

541 4732 561 4766 ⁹
601 4730 710 4784 Cfr.
753 4732 995 4799 Ponsius,
1036 4730 1138 4783 Jus
1177 4729 1491 4784 canonicum
1531 4733 1651 4795 etc„
1689 4734 1817 4785 tom.
1858 4731 1897 4784 I.
1936 4750 1987 4802 p.
2028 4732 2149 4786 226.
2188 4748 2268 4799 sq.

539 4811 561 4846 ⁹
601 4811 812 4864 Schulte
846 4810 883 4864 1.
924 4829 967 4864 c.
1007 4813 1146 4880 part.
1188 4810 1234 4863 1.
1273 4828 1324 4880 p.
1364 4810 1486 4865 208.
1525 4827 1644 4879 sqq.
