3355 5328
350 278 420 333 68
1244 279 1381 331 Pars
1417 278 1457 330 I.
1510 276 1802 330 Decretum
1841 276 2104 331 Gratiani.

350 439 846 507 fimdamentum
892 441 1153 522 glossae
1186 439 1685 507 subtraheretur
1710 438 1750 505 ¹.
1816 440 2019 518 Quem
2067 440 2306 522 agendi
2335 440 2601 506 modum
2630 439 2755 523 ipsi
2788 459 3009 504 emen-

352 538 599 605 dationi
657 542 886 605 textus
932 538 1197 605 Decreti
1242 558 1373 603 non
1421 537 1710 603 obfuisse
1730 588 1744 615 ,
1810 538 2235 606 manifestum
2282 543 2386 604 est
2403 589 2417 615 ‚
2480 559 2679 620 quum
2725 537 3011 619 genuina

349 636 543 717 lectio
589 636 657 700 in
701 636 1013 719 peculiari
1059 635 1400 703 notatione
1445 641 1817 702 monstrata
1863 636 1968 703 sit.

529 735 827 799 Eundem
873 734 1055 799 illurn
1102 734 1368 799 modum
1386 785 1400 810 ,
1472 756 1560 800 sc.
1613 733 2213 800 animadversiones
2260 756 2415 800 suas
2461 734 2528 798 in
2573 733 3012 818 peculiaribus

348 832 795 898 notationibus
846 831 1270 915 proponendi,
1319 832 1738 898 Correctores
1783 832 2063 897 Romani

529 933 588 995 3.
622 935 781 996 tunc
805 930 1343 1008 observaverunt,
1377 930 1635 1012 quando
1659 930 1926 998 Decreti
1955 934 2215 997 textum
2240 951 2371 995 non
2396 934 2725 1016 eorriyere,
2762 929 2878 995 sed
2902 951 3009 995 so-

348 1027 677 1094 lummodo
706 1030 1069 1113 eoeplanare,
1095 1026 1135 1093 i.
1164 1048 1219 1093 e.
1250 1032 1655 1093 assertionem
1679 1027 1747 1093 in
1772 1049 1848 1094 eo
1873 1028 2275 1112 propositam
2301 1028 2656 1106 declarare,
2682 1029 2792 1093 vel
2814 1028 3011 1111 plane

348 1126 640 1192 refutare
687 1126 1118 1207 satagebant3
1170 1125 1406 1210 quippe
1439 1147 1636 1208 quum
1667 1127 1791 1191 hoc
1821 1127 2157 1208 negotium
2205 1126 2284 1191 de
2315 1128 2548 1209 regula
2578 1126 2836 1192 nonnisi
2867 1127 3010 1191 lon-

348 1224 516 1307 giori
547 1223 1112 1289 animadversione
1144 1224 1396 1289 absolvi
1426 1229 1670 1307 posset.
1737 1224 1876 1301 Quo
1910 1224 2169 1307 quidem
2201 1224 2268 1288 in
2299 1225 2565 1308 negotio
2597 1224 2691 1290 illi
2722 1224 3011 1290 maxime

349 1323 451 1388 usi
511 1326 664 1388 sunt
712 1321 1016 1405 operibus
1063 1324 1129 1387 S.
1190 1324 1463 1387 Thomae
1506 1325 1886 1408 Aquinatis,
1936 1324 2001 1389 S.
2052 1324 2575 1408 Bonaventurae,
2639 1324 2921 1389 Joannis
2970 1345 3010 1387 a

359 1422 846 1486 Turrecremata
896 1440 974 1485 ac
1018 1420 1408 1503 praesertim
1441 1420 1796 1486 canonibus
1836 1425 1905 1487 et
1952 1421 2233 1487 decretis
2266 1421 2531 1488 Concilii
2572 1423 2939 1487 Tridentini
2961 1415 3003 1485 ².

528 1520 588 1583 4.
638 1518 842 1582 Porro
890 1517 1306 1584 Correctores
1336 1517 1637 1601 Romani,
1689 1540 1887 1601 quum
1934 1519 2217 1601 aliquem
2266 1539 2582 1585 canonem
2630 1540 2667 1584 e
2712 1519 3007 1603 pluribus

349 1616 509 1681 locis
557 1615 845 1698 ejusdem
892 1615 1137 1698 operiS,
1201 1636 1242 1680 a
1287 1636 1359 1680 se
1404 1615 1684 1699 invicem
1730 1617 1943 1699 magis
1988 1617 2288 1682 minusve
2334 1617 2603 1683 remotis
2621 1666 2636 1695 ,
2686 1618 3006 1701 composi-

348 1718 490 1780 tum
536 1712 855 1790 viderent,
903 1712 970 1777 id
1015 1713 1082 1777 in
1127 1717 1320 1779 textu
1363 1714 1652 1796 ejusdem
1687 1715 1952 1779 canonis
1999 1736 2288 1796 congrua
2335 1715 2779 1793 adnotatione,
2827 1738 2891 1781 V.
2942 1736 3005 1797 g.

354 1820 407 1877 et
460 1811 642 1893 infra
658 1835 683 1890 ,·
748 1820 801 1876 et
859 1833 1062 1895 supra
1081 1835 1108 1892 ,·
1174 1820 1227 1875 et
1281 1814 1509 1896 paucis
1568 1815 1913 1896 interfectis
1931 1837 1958 1893 ;
2029 1821 2083 1876 et
2131 1821 2278 1897 post
2337 1816 2645 1879 nonnulla
2664 1838 2691 1895 ,·
2759 1822 2813 1879 et
2863 1824 3007 1898 post

350 1911 550 1974 multa
598 1911 665 1973 et
712 1908 927 1986 simili,
975 1908 1265 1975 indicare
1312 1912 1701 1990 sategerunt
1723 1907 1767 1975 ³.

530 2005 733 2071 Simili
777 2006 969 2071 modo
1016 2007 1432 2072 Correctores
1477 2007 1757 2072 Romani
1803 2007 1871 2071 in
1918 2009 2375 2074 emendatione
2426 2014 2495 2075 et
2542 2010 3007 2093 explanatione

345 2109 589 2192 ylossae
648 2107 1026 2170 ordinariae
1071 2105 1336 2171 Decreti
1382 2105 1842 2188 procedebant.
1938 2105 2053 2170 Cui
2098 2107 2361 2188 glossae
2406 2107 2600 2190 hujus
2645 2108 2741 2172 rei
2788 2108 3006 2190 gratia

349 2204 508 2269 item
555 2202 637 2268 ad
685 2202 1047 2285 marginem
1094 2204 1213 2267 sub
1261 2203 1594 2268 asteriscis
1639 2203 1749 2269 vel
1780 2203 1926 2269 aliis
1958 2204 2163 2285 signis
2195 2208 2598 2288 opportunas
2628 2207 3006 2272 notationes

350 2305 813 2385 apposuerunt,
848 2300 1236 2384 praesertim
1262 2321 1299 2365 e
1322 2300 1643 2384 praefatis
1669 2300 1944 2384 aliisque
1977 2302 2281 2385 operibus
2305 2302 2645 2369 litterariis
2668 2303 3002 2383 haustas&

452 2500 517 2587 ’ξ
564 2497 668 2567 43.
760 2500 966 2567 Valor
1013 2519 1255 2582 eorum,
1306 2519 1473 2585 quae
1524 2501 1943 2568 correctores
1993 2501 2271 2569 Romani
2315 2503 2385 2569 in
2433 2501 2887 2571 emendatione

1267 2607 1536 2676 Decreti
1579 2609 2085 2696 praestiterunt.

516 2760 772 2840 'Magna
797 2779 944 2822 cum
968 2778 1125 2824 cura
1149 2763 1217 2824 et
1241 2760 1511 2826 solertia
1530 2762 1946 2828 Gorrectores
1964 2763 2295 2827 Romanos
2319 2761 2386 2825 in
2411 2761 2675 2844 negotio
2700 2763 3008 2828 emenda-

350 2858 548 2925 tionis
567 2855 831 2922 Decreti
854 2857 1271 2939 processisse,
1300 2879 1336 2922 e
1359 2858 1806 2924 notationibus
1831 2881 2054 2924 eorum
2080 2862 2386 2924 accurate
2409 2859 2703 2942 pensatis
2729 2860 2944 2926 elucet
2960 2861 3003 2927 ⁵.

528 2954 835 3019 Eosdem·
860 2975 1056 3037 porro
1117 2954 1185 3019 in
1231 2956 1457 3021 multis
1518 2957 1873 3022 canonibus
1933 2957 2251 3039 genuinas
2310 2957 2768 3042 inscriptiones
2813 2959 3005 3024 resti-

350 3055 557 3120 tuisse
602 3051 833 3133 negari
879 3053 1106 3134 nequit
1125 3050 1174 3119 ὅ.
1269 3054 1403 3119 Eos
1448 3075 1579 3119 non
1627 3055 1847 3120 omnia
1868 3105 1882 3133 ,
1932 3075 2100 3137 quae
2143 3056 2270 3121 hac
2317 3054 2384 3120 in
2428 3075 2503 3120 re
2550 3055 3008 3121 desideraban-

350 3155 479 3229 tur,
528 3149 958 3234 praestitisse,
1006 3171 1136 3215 non
1183 3151 1556 3230 mirabitur,
1607 3152 1718 3235 qui
1764 3153 2202 3237 perpenderit,
2253 3174 2330 3219 eo
2379 3157 2675 3237 tempore
2722 3154 3008 3219 nondum

353 3250 461 3316 SS.
511 3250 783 3314 Patrum
844 3246 1247 3330 aliorumque
1295 3250 1699 3334 Scriptorum
1760 3251 2350 3317 ecclesiasticorum
2369 3301 2383 3328 ,
2447 3250 2878 3316 Conciliorum
2941 3257 3009 3319 et

532 3388 550 3422 ¹
590 3387 697 3441 cfr.
737 3390 906 3441 notat.
934 3386 1080 3442 Corr.
1107 3388 1315 3442 Romm.
1343 3390 1412 3443 ad
1438 3408 1482 3443 c.
1513 3391 1559 3443 1.
1586 3389 1650 3443 D.
1679 3390 1817 3443 XLI.
1852 3408 2070 3444 vocem:
2109 3395 2485 3460 intemperans,
2523 3391 2592 3445 ad
2616 3408 2782 3459 quam
2819 3410 3011 3446 vocem

348 3469 535 3537 glossa
553 3469 655 3522 hoc
673 3467 907 3521 notavit:
935 3467 1049 3533 „Sc.
1070 3468 1258 3522 nolens
1278 3471 1610 3523 conformare
1629 3487 1690 3523 se
1710 3470 1885 3524 aliis“.
1912 3471 2080 3524 Porro
2100 3472 2169 3524 ad
2189 3489 2233 3526 c.
2251 3473 2300 3525 6.
2322 3472 2386 3525 D.
2404 3470 2593 3525 XCVI.
2613 3489 2801 3526 voces:
2835 3475 3008 3539 Quum

351 3552 423 3602 ad
447 3567 629 3602 verum
641 3569 664 3615 ,·
689 3548 757 3601 ad
778 3565 822 3602 c.
840 3549 889 3601 5.
916 3548 980 3601 D.
997 3548 1089 3602 XI.
1110 3566 1327 3603 vocem:
1355 3568 1421 3602 ex
1445 3552 1621 3614 dietis;
1650 3550 1720 3604 ad
1746 3568 1790 3604 c.
1808 3551 1892 3605 30.
1923 3550 1979 3605 C.
1997 3551 2195 3605 XXIII.
2215 3568 2304 3619 qu.
2321 3553 2372 3605 4.
2399 3569 2618 3606 vocem:
2651 3554 3004 3606 Gaii-isarius.

530 3628 549 3660 ²
591 3628 699 3681 Cfr.
736 3647 791 3681 v.
830 3645 881 3695 g.
917 3632 1085 3682 notat.
1115 3628 1261 3682 Corr.
1287 3629 1439 3683 Rom.
1479 3630 1548 3683 ad
1575 3630 1701 3684 dict.
1730 3630 1882 3685 Grat.
1920 3635 2046 3701 post
2081 3649 2125 3685 c.
2154 3632 2240 3686 89.
2279 3631 2342 3686 D.
2371 3633 2412 3685 Ι.
2452 3632 2519 3686 de
2555 3632 2772 3702 poenit„
2812 3650 3006 3687 voces:

352 3710 561 3762 lectoris
585 3710 813 3775 judicio.
858 3769 862 3774 ⁴

532 3789 552 3823 ⁸
592 3787 700 3841 Cfr.
727 3806 781 3841 v.
808 3804 860 3854 g.
887 3805 932 3841 c.
960 3788 1010 3842 2.
1037 3788 1102 3842 D.
1130 3788 1250 3842 XII.
1279 3793 1405 3843 ante
1431 3789 1464 3856 ξ
1490 3792 1615 3843 Non
1641 3808 1850 3844 novum.
1881 3793 1955 3856 1.;
1995 3809 2040 3845 c.
2068 3793 2116 3846 5.
2144 3792 2208 3846 D.
2237 3791 2408 3844 XVII.
2449 3795 2576 3846 ante
2601 3791 2634 3860 ἓ
2661 3794 2725 3846 Si
2759 3810 2897 3846 vero.
2926 3793 3005 3856 2.;

353 3887 397 3922 c.
437 3868 487 3923 8.
529 3867 586 3922 C.
625 3867 796 3921 XXII.
834 3885 924 3936 qu.
962 3868 1011 3922 2.

532 3949 557 3983 ⁴
593 3946 703 4002 cfr.
742 3950 909 4001 notat.
948 3965 1119 4016 marg.
1172 3949 1242 4003 ad
1294 3950 1367 4017 gl.
1408 3951 1532 4004 dict.
1573 3950 1724 4005 Grat.
1777 3950 1895 4006 init.
1934 3951 1998 4005 D.
2038 3953 2079 4006 I.
2131 3971 2184 4005 v.
2225 3954 2545 4006 Humanum
2575 3970 2777 4021 yenus,·
2826 3953 2895 4006 ad
2933 3953 3004 4020 gl.

350 4029 479 4083 ibid.
518 4047 572 4082 v.
610 4030 893 4094 naturali;
929 4028 998 4082 ad
1034 4029 1108 4096 gl.
1147 4029 1274 4083 ibid.
1315 4049 1367 4084 v.
1407 4033 1516 4083 vult
1529 4051 1551 4097 ,·
1587 4031 1656 4084 ad
1694 4031 1769 4098 gl.
1810 4049 1854 4085 c.
1896 4033 1945 4086 9.
1984 4032 2048 4086 D.
2077 4031 2220 4085 XIX.
2260 4051 2314 4087 v.
2354 4035 2614 4099 eoncilio;
2649 4033 2719 4086 ad
2756 4032 2833 4100 gl.
2873 4050 2917 4087 c.
2957 4033 3003 4085 2.

351 4109 416 4163 D.
456 4107 655 4162 XXHI.
695 4126 748 4161 v.
788 4125 898 4161 non
924 4126 1030 4176 per
1067 4111 1435 4164 conditionem.
1508 4110 1676 4164 Porro
1716 4111 1813 4165 cfr.
1848 4111 1964 4182 jam
2001 4129 2164 4181 saepe
2200 4116 2554 4167 memoratam
2590 4112 3004 4166 admonitionem

352 4189 642 4244 eorundem
681 4187 1054 4241 Correctorum
1089 4188 1451 4244 Romanorum
1503 4189 1572 4243 ad
1622 4191 1882 4245 lectorem
1932 4192 2031 4246 sub
2083 4191 2459 4262 inscriptione:
2519 4191 2627 4258 „Ea
2643 4234 2657 4256 ,
2707 4192 2774 4246 de
2813 4191 3006 4260 quibus

351 4270 637 4324 lectorem“
683 4271 784 4322 etc.
860 4267 893 4335 ξ
930 4270 1012 4322 De
1049 4272 1410 4323 notationibus
1446 4274 1506 4322 in
1539 4272 1733 4337 ylossa.

532 4351 553 4385 ⁵
592 4350 702 4404 Cfr.
740 4367 793 4402 v.
832 4365 886 4416 g.
923 4353 1092 4403 notat.
1132 4350 1202 4403 ad
1223 4367 1267 4403 c.
1300 4351 1344 4403 1.
1383 4350 1447 4403 D.
1474 4349 1672 4404 XXXI.
1700 4369 1753 4404 v.
1792 4355 1995 4405 uxoria
2009 4371 2032 4418 ,·
2067 4353 2137 4405 ad
2162 4369 2207 4405 c.
2237 4352 2285 4405 3.
2328 4351 2384 4406 C.
2411 4351 2558 4406 VIII.
2585 4368 2675 4420 qu.
2705 4353 2753 4405 1.
2793 4371 2846 4406 v.
2873 4353 3005 4420 Epi-

351 4448 629 4500 scopornm
644 4450 667 4498 ;
703 4430 772 4483 ad
798 4445 843 4482 c.
870 4428 920 4483 8.
948 4429 1064 4483 ead.
1091 4448 1144 4483 v.
1172 4431 1605 4497 evanyelizandi;
1630 4431 1700 4484 ad
1727 4448 1770 4484 c.
1801 4432 1883 4484 11.
1912 4431 2028 4485 ead.
2057 4450 2110 4486 v.
2137 4434 2443 4500 Episcopos,
2470 4435 2527 4485 et
2549 4450 2603 4486 v.
2629 4435 3006 4500 opprimatum

353 4511 422 4565 ad
447 4528 492 4564 c.
525 4511 605 4565 18.
645 4509 761 4563 ead.
787 4527 841 4562 v.
867 4510 1093 4563 Domini
1104 4528 1127 4577 ,·
1164 4510 1232 4563 ad
1259 4526 1303 4563 c.
1325 4510 1410 4563 21.
1451 4511 1566 4563 ead.
1593 4529 1647 4564 v.
1675 4513 1909 4579 acolythi
1920 4531 1944 4579 ;
1980 4512 2050 4566 ad
2075 4529 2121 4566 c.
2147 4529 2236 4565 un.
2264 4527 2352 4579 qu.
2378 4512 2430 4565 4.
2458 4512 2575 4566 ead.
2600 4529 2654 4565 v.
2682 4512 3002 4579 Symmachi.

532 4591 553 4626 ὅ
591 4589 700 4644 cfr.
727 4607 781 4643 v.
807 4605 862 4656 g.
886 4591 1056 4643 notat.
1083 4590 1152 4643 ad
1178 4607 1222 4643 c.
1250 4590 1301 4643 5.
1326 4589 1391 4643 D.
1419 4590 1511 4643 XI.
1538 4608 1591 4643 v.
1619 4592 1712 4643 Ex
1737 4593 1924 4658 dictis,-
1948 4591 2018 4644 ad
2056 4609 2101 4647 c.
2136 4593 2185 4646 6.
2214 4591 2271 4646 C.
2299 4591 2446 4645 XXI.
2473 4608 2562 4660 qu.
2589 4591 2638 4647 5.
2664 4609 2719 4644 v.
2751 4592 3004 4645 Constan-

353 4674 495 4737 tiae;
532 4669 601 4723 ad
626 4686 671 4722 c.
697 4669 783 4724 20.
824 4667 881 4723 G.
908 4668 1104 4723 XXIV.
1132 4686 1221 4738 qu.
1252 4671 1317 4734 1.,
1353 4669 1546 4740 incip.:
1586 4673 1763 4724 Antea
1800 4679 1847 4724 et
1871 4672 1969 4724 hoc
2005 4674 2138 4736 etc.;
2176 4672 2245 4726 ad
2270 4688 2315 4725 c.
2346 4671 2429 4724 16.
2467 4670 2532 4725 D.
2558 4669 2782 4724 XXVII.
2822 4686 2910 4738 qu.
2936 4669 3002 4734 2.,

351 4749 544 4820 incip.;
587 4749 761 4817 Caput
796 4750 894 4802 hoc
930 4752 1031 4803 etc.
1082 4750 1250 4804 Porro
1289 4752 1384 4804 cfr.
1428 4752 1655 4819 Schulte,
1694 4751 1794 4805 Die
1821 4751 2148 4806 Geschichte
2185 4752 2282 4806 der
2312 4749 2556 4816 Quellen,
2592 4754 2720 4804 tom.
2761 4750 2802 4803 I.
2840 4768 2891 4820 p.
2919 4749 2999 4802 73.
