3355 5328
1519 353 1869 423 Conspectus·
2866 350 3025 406 XVII

2915 512 3022 560 Pag.

1356 614 1611 686 CAPUT
1660 613 2038 695 QUINTUM.

356 771 663 830 Hodiernus
700 772 864 830 valor
899 772 1067 844 hujns
1106 772 1449 831 collectionis
1474 772 1534 828 in
1567 787 1772 846 genere
1809 774 1865 830 et
1903 770 2268 845 singulorum,
2308 785 2446 842 quae
2470 769 2530 827 in
2555 786 2621 827 ea
2646 769 3020 843 eontinentur,

356 1005 394 1074 ἓ
435 1006 553 1060 143.

352 1175 389 1244 5
432 1176 551 1230 144.

352 2120 389 2189 ς
432 2122 550 2176 145.

353 2201 390 2268 5
433 2202 550 2256 146.

350 3055 388 3123 ἓ
430 3055 549 3109 147.

352 3135 388 3203 ς
430 3135 550 3189 148.

352 3612 388 3680 g
430 3612 548 3666 149.

350 3691 388 3759 ς
429 3692 547 3747 150.

352 3771 388 3839 5
429 3773 548 3827 151.

787 862 848 919 in
885 862 1084 935 specie.
1157 861 1453 936 Praecipui
1493 861 1877 919 commentarii
1912 860 1972 918 in
2007 860 2151 917 hanc
2190 859 2585 917 collectionem.

611 1005 919 1059 Hodiernus
954 1005 1112 1059 valor
1147 1004 1311 1075 hujus
1349 1003 1684 1058 collectionis
1720 1003 1779 1057 in
1816 1021 2014 1071 genere
2052 1006 2109 1057 et
2144 1002 2499 1070 singulorum,
2538 1020 2677 1071 quae
2713 1001 2772 1056 in

610 1114 675 1150 ea
713 1095 1070 1161 continentur,
1107 1095 1166 1149 in
1202 1094 1382 1165 specie
1470 1136 1482 1149 .
1631 1135 1644 1148 .
1953 1135 1965 1147 .
2113 1135 2126 1147 .
2274 1135 2286 1147 .
2434 1134 2447 1147 .
2594 1134 2606 1146 .
2754 1133 2767 1145 .
2913 1090 3019 1145 206

608 1175 898 1246 Praecipui
934 1174 1306 1229 commentarii
1341 1175 1399 1229 in
1435 1175 1576 1228 118110
1614 1135 1989 1228 collectionem
2112 1214 2125 1227 .
2273 1213 2286 1228 .
2435 1214 2446 1227 .
2594 1213 2606 1226 .
2755 1213 2766 1225 .
2914 1171 3016 1225 207

1269 1463 1661 1548 sncTio
1724 1426 2119 1547 SEXTA.

1014 1656 1564 1743 collectiones
1603 1654 2372 1726 Extravagantium.

1368 1842 1623 1914 CAPUT
1667 1840 2004 1914 PRIMUM.

1051 1986 1410 2045 collectiones
1447 1987 1961 2062 Extravagantium
1998 1987 2058 2042 in
2095 2001 2316 2060 genere.

608 2122 1052 2190 Extravagantes
1145 2165 1157 2177 .
1306 2165 1319 2176 .
1465 2165 1478 2177 .
1627 2165 1639 2177 .
1787 2164 1799 2177 .
1949 2164 1960 2175 .
2110 2164 2121 2177 .
2269 2162 2281 2174 .
2430 2161 2441 2173 .
2591 2162 2602 2172 .
2751 2160 2762 2170 .
2909 2117 3014 2172 208

611 2202 968 2256 Collectiones
1004 2202 1520 2271 Extravagantium‘
1627 2245 1638 2257 .
1788 2245 1799 2255 .
1948 2245 1960 2256 .
2109 2243 2120 2255 .
2269 2243 2280 2254 .
2429 2242 2441 2253 .
2592 2241 2602 2252 .
2751 2240 2761 2250 .
2908 2197 3015 2251 210

1251 2457 1261 2467 .
1311 2419 1564 2491 CAPUT
1611 2417 2057 2490 SECUNDUM.

749 2538 1108 2633 collectiones
1145 2572 1660 2646 Extravagantium
1699 2587 1798 2646 per
1836 2587 1895 2629 se
1932 2571 2297 2630 subsistentes
2332 2570 2393 2628 in
2430 2570 2626 2645 specie.

1291 2761 1721 2820 ARTICULUS
1763 2761 2072 2819 PRIMUS.

873 2909 1116 2968 Collecti«)
1150 2860 1855 2981 viginti-Extravagantium
1890 2908 2059 2979 Papae
2097 2907 2307 2963 Joannis
2342 2906 2507 2962 XXII.

606 3054 742 3125 Ejus
779 3053 945 3121 origo,
985 3052 1284 3124 dispositio,
1324 3065 1444 3105 eam
1481 3050 1687 3105 citandi
1722 3050 1861 3104 ratio
1900 3050 2127 3121 ejusque
2164 3049 2338 3120 prima
2374 3048 2538 3103 editio
2585 3090 2596 3102 .
2745 3092 2755 3101 .
2903 3050 3009 3104 210

606 3134 957 3189 Recentiores
995 3132 1404 3205 explanationes
1444 3134 1500 3185 et
1536 3130 1801 3184 editiones
1838 3131 2000 3202 hujus
2038 3129 2372 3184 collectionis
2424 3171 2436 3183 .
2585 3171 2595 3182 .
2744 3171 2754 3181 .
2902 3129 3007 3183 212

1244 3325 1670 3384 ARTICULUS
1713 3327 2120 3385 SECUNDUS.

1108 3470 1350 3527 Collectio
1387 3470 1864 3541 Exti-evagantium
1901 3468 2245 3524 communium.

604 3612 739 3683 Ejus
776 3612 943 3680 orig0,
984 3581 1281 3683 dispositi0,
1321 3629 1440 3665 eam
1479 3610 1682 3664 citandi
1716 3609 1857 3664 ratio
1895 3611 2061 3677 atque
2097 3609 2273 3679 prima
2311 3608 2429 3679 ejus
2467 3608 2631 3663 editio
2743 3651 2754 3663 .
2901 3609 3006 3663 213

603 3692 819 3747 Indoles
855 3692 1154 3747 scientifica
1171 3691 1353 3764 huJ'us
1391 3689 1725 3744 collectionis
1782 3731 1793 3743 .
1942 3731 1953 3742 .
2423 3730 2433 3742 .
2584 3731 2594 3742 .
2742 3731 2754 3742 .
2901 3689 3006 3742 216

604 3772 954 3827 Recentiores
993 3759 1402 3843 explanationes
1441 3774 1497 3825 et
1533 3771 1798 3824 editiones
1834 3769 1926 3840 huj
1933 3786 1996 3823 us
2034 3730 2369 3823 collectionis
2421 3811 2432 3822 .
2583 3811 2592 3822 .
2743 3811 2754 3822 .
2901 3769 3005 3822 217

1273 3965 1699 4025 ARTICULUS
1742 3966 2090 4024 TERTIUS.

452 4112 735 4168 Chai-soter
770 4114 952 4168 harum
985 4114 1336 4169 collectionum
1372 4111 1850 4182 Exti-evagantium
1886 4110 1942 4166 et
1979 4127 2151 4165 earum
2186 4110 2457 4166 hodiernus
2494 4108 2639 4163 valor
2676 4108 2731 4164 et
2766 4124 2906 4163 usus.

348 4252 386 4320 §
428 4252 545 4307 152.

350 4331 386 4400 5
427 4333 545 4387 153.

604 4253 898 4307 Chal-aeter
935 4254 1125 4308 harum
1165 4253 1543 4308 collectionum
1579 4250 2077 4320 Extravagantium
2258 4292 2269 4303 .
2419 4292 2429 4303 .
2580 4292 2589 4301 .
2740 4290 2751 4301 .
2898 4249 3004 4303 218

601 4333 908 4388 Hodiernus
944 4334 1100 4388 valor
1136 4338 1192 4388 et
1227 4352 1362 4389 usus
1396 4333 1590 4387 harum
1627 4331 2007 4386 collectionum
2100 4373 2110 4384 .
2259 4372 2270 4383 .
2420 4373 2430 4382 .
2580 4372 2591 4383 .
2741 4371 2751 4381 .
2899 4330 3005 4384 219

456 4915 693 4962 Laui-in,
730 4917 907 4964 Corpus
929 4916 1024 4964 jur.
1047 4926 1146 4956 can.
2550 4906 2586 4955 b
