3355 5328
1435 369 1616 424 Sectio
1651 367 1746 424 IV.
1798 369 1831 437 ἕ
1871 369 1990 424 115.
2942 368 3043 425 181

381 527 584 595 habet
601 579 615 608 ,
684 549 852 613 quae
910 529 1209 596 referunt
1268 529 1491 613 Papae
1550 528 1875 594 Bonifacii
1937 529 2112 596 VIII.
2178 529 2537 599 decisiones
2554 582 2569 610 ,
2630 535 2812 597 recte
2866 536 3043 616 tunc,

388 645 589 708 quum
621 627 818 693 Liber
850 627 1092 694 Sextus
1124 627 1576 706 adornaretur,
1626 626 1709 692 ab
1758 647 1835 692 eo
1867 648 1985 711 pro
2033 627 2356 695 solutione
2404 629 2744 694 dubiorum
2791 634 2859 696 et
2891 651 3045 695 con-

381 725 859 791 troversiarum
891 725 1103 791 editas
1125 723 1165 792 ¹.
1242 725 1644 810 Subscriptio
1679 729 1796 791 aut
1827 725 2193 808 designatio
2224 728 2558 811 temporiS,
2607 749 2734 810 quo
2782 749 3044 813 respec-

382 821 526 888 tiva
572 823 920 890 decretalis
967 828 1083 890 aut
1130 823 1515 890 constitutio
1561 823 1896 908 pontificia
1943 823 2121 891 edita
2166 825 2293 892 fuit
2309 875 2325 904 ,
2374 825 2695 910 capitibus
2742 826 3045 911 apposita

380 941 513 986 non
561 925 696 1000 est,
757 943 886 987 uno
934 926 1246 1006 excepto,
1292 921 1600 988 videlicet
1646 943 1787 1007 cap.
1836 923 2037 988 Eaeiit.
2087 925 2147 990 3.
2197 923 2275 988 de
2321 924 2402 991 V.
2452 924 2515 991 S.
2559 924 2640 991 V.
2695 927 2818 1003 12„
2868 924 3044 990 refe-

381 1022 568 1085 rente
617 1019 1153 1087 constitutionem
1199 1021 1421 1104 Papae
1467 1021 1721 1087 Nicolai
1758 1022 1885 1087 HI.
1890 1073 1908 1105 ,
1959 1021 2062 1086 cui
2109 1021 2309 1106 capiti
2353 1025 2613 1106 tempus
2661 1022 2876 1088 editae
2922 1023 3043 1088 hu-

374 1117 485 1201 jus
545 1117 1032 1184 constitutionis
1097 1118 1470 1202 appositum
1539 1122 1642 1184 est
1664 1169 1680 1197 ,
1753 1122 1822 1184 et
1883 1119 2143 1202 quidem
2202 1120 2513 1186 vitandae
2536 1170 2551 1198 ,
2622 1124 2697 1187 ut
2759 1119 3041 1200 videtur,

381 1215 782 1281 confusionis
839 1216 1061 1299 gratia
1076 1267 1092 1296 ,
1157 1216 1309 1299 quia
1355 1216 1661 1282 nimirum
1707 1217 1871 1283 haec
1931 1218 2096 1284 satis
2141 1218 2400 1303 prolixa
2447 1218 2827 1284 constitutio
2890 1218 3043 1284 olim

377 1311 448 1378 in
495 1312 668 1380 dicto
725 1314 942 1398 capite
989 1336 1110 1380 sua
1154 1318 1417 1381 tantum
1463 1335 1626 1380 voce
1672 1314 1912 1381 initiali
1957 1315 2190 1381 adduci
2237 1315 2597 1382 consuevit.

558 1412 943 1478 Decretales
981 1416 1050 1478 et
1080 1412 1583 1479 constitutiones
1613 1412 2005 1497 pontificiae,
2056 1413 2137 1479 de
2181 1413 2475 1498 pluribus
2512 1413 2806 1480 materiis
2838 1435 3041 1496 agen-

377 1513 504 1588 tes,
552 1509 620 1574 in
664 1510 943 1576 totidem
987 1515 1214 1595 partes
1261 1510 1582 1577 dissectae
1630 1514 1700 1577 et
1745 1510 2043 1593 singulae
2087 1515 2314 1596 partes
2359 1511 2428 1577 in
2463 1512 2899 1596 peculiaribus
2930 1533 3040 1578 ca-

377 1607 624 1692 pitibus
670 1608 927 1692 positae
975 1613 1128 1675 sunt
1149 1604 1194 1675 ².

559 1707 724 1772 Item
776 1727 813 1772 e
860 1707 1297 1774 decretalibus
1357 1711 1424 1774 et
1471 1707 2047 1774 constitutionibus
2107 1708 2455 1793 pontificiis
2503 1729 2811 1775 earumve
2857 1708 3041 1791 frag-

377 1805 640 1884 mentiS,
687 1805 757 1870 in
802 1805 1060 1888 singula
1108 1805 1325 1890 capita
1371 1805 1755 1885 referendiS,
1802 1806 2150 1873 brevitatis
2196 1807 2414 1889 gratia
2459 1807 2593 1886 illa,
2642 1827 2810 1890 quae
2856 1807 3040 1872 vide-

378 1903 622 1969 bantur
666 1924 812 1969 esse
860 1905 1208 1988 superflua,
1259 1903 1500 1969 omissa
1547 1908 1702 1970 sunt
1724 1901 1767 1970 ³.
1846 1905 2014 1971 Item
2062 1925 2161 1983 ea,
2210 1926 2377 1987 quae
2416 1905 2548 1988 juri
2592 1908 2749 1970 tunc
2785 1904 3040 1987 vigenti

375 2006 571 2068 erant
618 2005 967 2086 contraria,
1017 2023 1054 2067 e
1087 2001 1278 2068 dictis
1310 2001 1749 2068 decretalibus
1792 2005 1860 2068 et
1893 2003 2467 2070 constitutionibus
2500 2023 2809 2068 earumve
2855 2002 3039 2085 frag-

376 2099 619 2165 mentis
681 2099 788 2164 vel
836 2098 1096 2164 omnino
1160 2098 1401 2165 omissa
1446 2099 1557 2164 vel
1604 2099 2070 2166 convenienter
2114 2104 2372 2167 mutata
2418 2103 2571 2166 sunt
2592 2101 2647 2178 *ς
2711 2121 3036 2183 quumque

375 2196 448 2262 in
494 2197 589 2262 eis
633 2197 893 2263 ratione
937 2197 1332 2264 relationum
1377 2197 1487 2263 vel
1532 2197 2043 2279 indigentiarum
2101 2198 2275 2264 illius
2335 2198 2483 2264 aevi
2530 2198 2749 2281 aliqua
2801 2199 3039 2265 lacuna

377 2299 589 2374 esset,
654 2317 734 2361 ea
781 2317 1071 2378 congruo
1118 2295 1569 2361 additamento
1618 2296 1886 2380 expleta
1933 2299 2036 2363 est
2062 2297 2106 2363 ⁵.

555 2392 890 2459 Nonnulla
952 2396 1178 2461 tamen
1240 2393 1407 2458 liber
1467 2393 1710 2459 Sextus
1769 2414 1929 2478 prae
1994 2394 2376 2461 collectione
2444 2394 2851 2477 Gregoriana
2913 2394 3037 2461 hoc

376 2496 686 2575 respectu
731 2492 933 2558 habet
978 2491 1353 2576 peculiaria.
1448 2491 1771 2568 Quorsum
1816 2492 2123 2576 pertinet,
2945 2517 2950 2523 ·

563 2591 618 2656 1.
684 2590 854 2673 quod
914 2589 1188 2672 singulis
1247 2590 1545 2675 partibus
1606 2589 1929 2655 dissectae
1990 2589 2341 2656 decretalis
2388 2595 2504 2656 aut
2551 2590 3036 2657 constitutionis

375 2687 774 2772 pontificiae,
824 2710 992 2771 quae
1021 2688 1090 2753 in
1120 2687 1557 2772 peculiaribus
1589 2688 1913 2772 capitibus
1959 2689 2320 2755 collocatae
2356 2692 2529 2768 sunt,
2578 2710 2709 2754 non
2752 2689 2849 2755 ita
2881 2711 3035 2755 con-

375 2790 652 2866 stanter,
700 2786 799 2854 uti
843 2787 912 2852 in
953 2785 1336 2853 collectione
1370 2786 1796 2868 Gregoriana,
1846 2789 2127 2852 initiales
2171 2789 2423 2853 voculae
2466 2786 2641 2852 illius
2688 2788 3035 2854 decretalis

374 2889 494 2951 aut
540 2884 1026 2952 constitutionis
1071 2886 1405 2969 praefixae
1453 2889 1625 2952 sunt.
1713 2883 1978 2951 Etenim
2022 2884 2091 2949 in
2134 2883 2331 2951 Libro
2381 2884 2583 2951 Sexto
2628 2885 2695 2950 id
2741 2889 3034 2953 tantum-

559 3082 576 3112 ¹
617 3077 726 3132 cfr.
766 3095 810 3131 c.
854 3078 901 3132 1.
941 3078 1008 3131 de
1045 3081 1216 3132 const.
1254 3079 1296 3132 I.
1335 3079 1416 3143 2.;
1470 3096 1516 3132 c.
1557 3079 1606 3133 3.
1646 3080 1713 3133 de
1764 3078 1940 3149 suppl.
1990 3078 2195 3146 neglig.
2251 3078 2502 3149 praelatt.
2540 3078 2582 3132 I.
2621 3079 2702 3142 8.;
2754 3096 2801 3132 c.
2838 3097 2929 3132 un.
2968 3079 3034 3133 de

373 3161 541 3213 aetat.
583 3160 639 3211 et
673 3157 863 3226 qualit.
901 3157 943 3211 I.
986 3158 1099 3222 10.;
1139 3176 1185 3212 c.
1228 3159 1273 3213 1.
1313 3160 1362 3214 2.
1403 3160 1469 3213 de
1505 3159 1580 3213 fil.
1619 3160 1863 3229 presbyt.
1901 3159 1941 3213 I.
1986 3159 2098 3223 11.;
2137 3177 2184 3214 c.
2222 3177 2311 3213 un.
2352 3160 2417 3213 de
2454 3159 2528 3212 M.
2568 3161 2624 3212 et
2660 3158 2723 3213 Ο.
2762 3159 2803 3212 Ι.
2847 3160 2929 3213 17.

557 3240 578 3273 ²
614 3238 678 3292 Id
716 3237 859 3306 quod
896 3255 967 3291 ex
1003 3242 1160 3309 parte
1191 3239 1307 3309 jam
1343 3239 1401 3293 in
1436 3239 1708 3309 prioribus
1744 3239 2167 3303 collectionibuS,
2206 3257 2346 3308 quae
2371 3238 2592 3292 Librum
2617 3238 2845 3293 Sextum
2881 3256 3035 3308 prae·

372 3321 673 3383 cesserunt,
725 3319 933 3373 factum
971 3336 1093 3372 esse
1131 3318 1483 3387 dignoscitur.
1561 3319 1670 3381 cfr.
1712 3322 1925 3373 Schulte
1937 3361 1954 3389 ,
1991 3319 2093 3373 Die
2128 3319 2469 3384 Decretalen,
2505 3319 2542 3373 l.
2582 3336 2627 3374 c.
2666 3336 2718 3389 p.
2760 3319 2880 3373 792.
2919 3335 3032 3387 sq.;

374 3400 541 3464 Idem,
576 3397 678 3451 Die
718 3396 1046 3452 Geschichte
1084 3398 1181 3452 der
1217 3397 1462 3463 Quellen,
1498 3402 1629 3453 tom.
1668 3399 1736 3453 H.
1775 3417 1827 3469 p.
1867 3399 1952 3453 38.

557 3481 578 3515 ⁸
613 3478 676 3532 Id
712 3478 920 3531 factum
958 3481 1044 3532 est
1066 3497 1119 3533 v.
1147 3496 1200 3545 g.
1229 3480 1294 3532 de
1319 3479 1502 3549 Papae
1528 3480 1767 3532 Martini
1790 3482 1888 3533 IV.
1928 3478 2215 3533 decretali:
2256 3480 2408 3532 Sicut
2444 3480 2665 3531 dilectus
2705 3477 2784 3546 (in
2822 3477 3032 3532 collect.

373 3559 539 3627 Prag.
579 3576 696 3629 cap.
736 3558 869 3627 84.),
908 3576 1048 3627 quae
1084 3560 1322 3613 refertur
1357 3559 1415 3612 in
1451 3577 1496 3613 c.
1536 3560 1622 3613 22.
1662 3559 1729 3613 de
1768 3559 1923 3613 elect.
1961 3557 2019 3611 in
2054 3559 2149 3613 VI.
2187 3558 2229 3612 I.
2269 3559 2319 3613 6.
2383 3557 2492 3612 Cfr.
2532 3559 2760 3627 Schiche,
2796 3557 2898 3611 Die
2928 3557 3033 3612 De-

370 3639 644 3702 cretalen,
696 3638 733 3692 1.
772 3656 818 3693 c.
857 3656 910 3709 p.
951 3639 1070 3693 753.
1121 3643 1231 3694 not.
1270 3640 1357 3694 86.
1432 3638 1646 3693 Pariter
1696 3638 1799 3693 hoc
1847 3640 2055 3692 factum
2106 3640 2192 3692 est
2239 3636 2297 3691 in
2348 3637 2530 3707 Papae
2582 3639 2891 3690 Alexandri
2932 3639 3032 3693 IV.

372 3718 662 3775 decretali:
721 3720 863 3785 Quia
912 3722 1165 3773 nonnulli
1218 3720 1298 3789 (in
1344 3720 1533 3774 eadem
1570 3720 1781 3774 collect.
1820 3720 1983 3787 Prag.
2024 3736 2141 3789 cap.
2180 3718 2291 3786 22.)
2311 3760 2325 3782 ,
2376 3736 2407 3772 e
2445 3734 2552 3786 qua
2589 3718 2910 3771 adornatum
2948 3721 3035 3773 est

369 3817 492 3871 cap.
534 3800 581 3853 1.
621 3800 688 3853 de
723 3798 992 3854 immunit.
1016 3799 1226 3854 Eccles.
1264 3800 1359 3854 III.
1398 3801 1484 3854 23.
1550 3799 1659 3854 cfr.
1689 3801 1901 3854 Schulte
1936 3799 1973 3853 l.
2012 3817 2058 3854 c.
2097 3817 2148 3870 p.
2189 3800 2309 3853 734.
2348 3801 2406 3853 et
2442 3798 2592 3858 743.;
2630 3800 2927 3866 Friedberq
2962 3800 3032 3853 ad

368 3879 465 3935 cit.
492 3897 610 3949 cap.
640 3879 687 3933 1.
728 3880 793 3933 de
829 3878 1096 3933 immunit.
1123 3879 1332 3934 Eccles.
1358 3883 1469 3934 not.
1503 3897 1557 3948 g,
1594 3880 1652 3933 in
1679 3879 1836 3950 Corp.
1869 3880 1977 3950 jur.
2004 3897 2141 3944 can„
2180 3879 2261 3933 ed.
2288 3878 2435 3949 Lips.
2465 3878 2603 3932 1879
2628 3894 2768 3946 sqq„
2793 3881 2933 3948 part.
2960 3879 3031 3933 II.

551 3961 576 3995 4
610 3959 730 4013 Hoc
766 3959 999 4014 alterum
1034 3959 1092 4013 in
1128 3959 1310 4030 specie
1353 3960 1562 4014 factum
1599 3963 1687 4014 est
1720 3960 1778 4013 in
1814 3959 1998 4030 Papae
2044 3962 2298 4027 Greyorii
2334 3960 2434 4012 IX.
2488 3958 2775 4012 decretali:
2826 3961 3032 4013 Habita

376 4040 459 4109 (in
495 4040 588 4095 cit.
623 4039 832 4094 collect.
861 4039 1023 4108 Prag.
1051 4058 1169 4111 cap.
1195 4040 1301 4103 49„
1339 4041 1483 4110 apud
1510 4042 1724 4094 Schulte
1758 4040 1795 4094 l.
1823 4058 1869 4094 c.
1896 4058 1947 4110 p.
1977 4039 2143 4107 743.),
2182 4041 2373 4110 postea
2410 4056 2443 4092 a
2467 4038 2620 4109 Papa
2650 4040 2906 4092 Clemente
2931 4042 3030 4095 IV.

369 4123 636 4175 renovata
676 4119 799 4188 (cfr.
839 4122 1053 4174 Schulte
1087 4121 1124 4174 l.
1164 4139 1210 4175 c.
1247 4123 1358 4174 not.
1399 4119 1510 4188 53.)
1531 4162 1544 4185 ,
1598 4122 1654 4173 et
1703 4119 1761 4173 in
1812 4137 1929 4190 cap.
1972 4120 2019 4174 1.
2058 4119 2140 4173 Ne
2191 4119 2321 4173 cler.
2358 4118 2450 4173 vel
2498 4118 2744 4172 monach.
2783 4118 2840 4172 in
2878 4119 3031 4174 Sext.

371 4200 467 4254 III.
506 4201 592 4254 24.
629 4200 806 4253 relata
820 4241 835 4265 ‚
870 4199 930 4253 in
966 4218 1071 4269 quo
1109 4200 1288 4271 capite
1325 4217 1422 4270 pro
1459 4199 1643 4253 verbis
1679 4199 1829 4253 illius
1868 4198 2187 4253 decretalis:
2246 4197 2371 4267 „qui
2406 4216 2514 4252 non
2549 4201 2778 4268 possunt
2814 4199 2882 4252 ab
2918 4199 3031 4254 illis

367 4280 491 4336 sine
527 4297 628 4334 sua
665 4280 826 4351 culpa
860 4280 1182 4345 removeri“,
1232 4280 1470 4351 positum
1521 4282 1634 4334 est:
1693 4282 2060 4349 „nequeuntes
2109 4280 2179 4333 ab
2228 4277 2365 4349 ipsis
2414 4279 2621 4347 absque
2658 4296 2825 4333 causa
2867 4277 3030 4332 ratio-

369 4359 541 4418 nabili
578 4360 871 4414 amoveri‘.
948 4360 1056 4415 cfr.
1097 4362 1310 4414 Schulte
1345 4360 1382 4415 l.
1422 4378 1468 4414 c.
1507 4378 1558 4430 p.
1600 4359 1722 4415 744.
1760 4362 1870 4414 not.
1910 4360 1996 4426 55.

553 4443 573 4476 ⁵
609 4441 705 4495 Uti
758 4440 967 4495 factum
1021 4444 1108 4495 est
1161 4459 1215 4495 V.
1261 4459 1316 4509 g.
1366 4440 1425 4494 in
1476 4440 1659 4511 Papae
1712 4442 2022 4494 Alexandri
2066 4443 2165 4494 IV.
2217 4438 2511 4493 decretali:
2572 4439 2845 4507 Contingit
2899 4438 3029 4508 (col-

368 4521 498 4576 lect.
532 4521 695 4588 Prag.
735 4538 852 4591 cap.
892 4521 960 4585 3.,
997 4521 1142 4591 apud
1180 4523 1394 4575 Schulte
1428 4520 1465 4574 l.
1505 4538 1550 4575 c.
1591 4538 1641 4590 p.
1685 4519 1830 4588 726.)
1853 4562 1866 4585 ,
1906 4537 1936 4573 e
1974 4537 2081 4588 qua
2118 4520 2441 4573 adornatum
2476 4521 2563 4572 est
2599 4536 2716 4588 cap.
2753 4519 2805 4573 4.
2845 4519 2911 4572 de
2946 4537 3028 4572 re-

366 4601 557 4671 script.
595 4600 653 4653 in
691 4600 840 4654 Sext.
878 4601 920 4655 I.
959 4601 1011 4655 3.
1074 4600 1184 4655 cfr.
1225 4603 1467 4670 Schulte,
1517 4599 1620 4654 Die
1658 4599 1989 4655 Geschichte
2027 4600 2122 4654 der
2159 4599 2415 4665 Quellen,
2466 4601 2596 4653 torn.
2635 4599 2703 4652 II.
2756 4616 2808 4669 p.
2848 4599 2933 4653 37.
2973 4602 3030 4653 et

367 4681 463 4736 cit.
501 4680 735 4735 bullam:
775 4682 1164 4734 Sacro-sanctae
1175 4700 1198 4748 ;
1235 4684 1455 4735 econtra
1493 4682 1805 4748 Friedbery,
1843 4679 1901 4733 in
1936 4680 2179 4750 prolegg.
2219 4679 2289 4733 ad
2327 4678 2545 4733 Librum
2586 4678 2830 4744 Sextum,
2871 4679 3026 4749 Corp.

361 4760 474 4832 jur.
512 4778 629 4815 can.
647 4802 660 4825 ,
698 4763 837 4831 part.
876 4761 944 4815 II.
984 4760 1085 4815 col.
1122 4759 1210 4815 LI.
1229 4802 1241 4825 ,
1280 4760 1374 4829 qui
1410 4760 1636 4814 lacunas
1653 4802 1666 4825 ,
1720 4760 1769 4814 si
1806 4777 1946 4829 quae
1981 4760 2039 4813 in
2090 4759 2330 4829 antiquis
2382 4758 2747 4813 decretalibus
2783 4760 3028 4824 aderant,

368 4858 649 4909 nunquam
687 4839 937 4911 expletas
974 4858 1096 4895 esse
1133 4839 1228 4895 ait.

3057 4965 3152 5024 ,f
