3355 5328
1114 1196 1495 1334 PARS
1588 1198 2181 1334 TERTIA.

587 1480 1221 1583 conpos
1309 1485 1798 1585 JURIS
1895 1483 2702 1588 oANoNlol.

1260 1864 1583 1952 CAPUT
1637 1865 2051 1953 PRIMUM.

588 2054 852 2128 Notio
911 2064 992 2127 et
1045 2054 1439 2127 ambitus
1497 2053 1921 2151 Corporis
1965 2055 2203 2150 juris
2259 2058 2697 2129 canonici.

707 2258 746 2344 ξ
794 2255 932 2325 154.
1025 2258 1213 2326 Notio
1263 2258 1563 2345 Corporis
1605 2260 1781 2347 juris
1832 2260 2131 2328 canonici
2175 2261 2569 2347 generatim.

493 2419 743 2485 Dictio:
810 2421 1052 2505 Corpus
1084 2423 1264 2505 juris
1311 2423 1632 2503 canonici,
1696 2419 2051 2485 secundum
2097 2420 2469 2501 analogiam
2516 2421 2806 2505 corporis
2851 2422 2972 2487 hu-

313 2518 490 2583 mani
534 2517 605 2582 in
651 2518 1060 2602 oppositione
1107 2518 1191 2583 ad
1237 2518 1497 2599 singula
1545 2519 1685 2602 ejus
1731 2519 2043 2596 membra,
2092 2518 2461 2600 generatim
2495 2518 2798 2601 designat
2845 2522 2971 2586 col-

313 2615 660 2683 lectionem
699 2616 866 2701 juris
914 2616 1208 2682 canonici
1253 2638 1368 2682 seu
1417 2637 1737 2682 canonum
1785 2614 1930 2698 (cfr.
1981 2615 2016 2698 §
2067 2615 2157 2698 2.)
2205 2620 2584 2702 completam.

492 2715 634 2792 Qua
692 2715 949 2780 ratione
1010 2714 1308 2781 collectio
1357 2714 1896 2782 constitutionum
1919 2765 1933 2792 ,
1996 2716 2078 2780 ab
2125 2715 2639 2799 Imperatoribus
2685 2718 2972 2783 romanis

314 2812 656 2893 editarum,
703 2834 936 2878 versus
981 2815 1177 2878 finem
1224 2834 1393 2879 saec.
1442 2814 1557 2880 HI.
1605 2815 1716 2878 vel
1761 2812 1947 2879 initio
1995 2834 2164 2879 saec.
2199 2813 2312 2879 IV.
2363 2835 2403 2879 a
2450 2815 2732 2896 quodam
2771 2816 2971 2898 juris-

315 2912 610 2977 consulto
657 2912 917 2976 nomine
966 2912 1361 2997 Greqoriano
1423 2912 1747 2977 adornata
1775 2910 1817 2990 ¹,
1881 2911 2081 2977 etiam
2132 2913 2374 2996 Corpus
2423 2914 2809 2998 Greyoriani
2856 2935 2971 2998 ap-

312 3009 545 3092 pellari
593 3009 935 3075 consuevit
959 3006 1004 3076 ².

492 3108 814 3172 Tenorem
862 3110 1084 3172 autem
1131 3106 1328 3173 dictio
1374 3106 1522 3172 illa:
1588 3109 1831 3193 Corpus
1863 3110 2043 3193 juris
2089 3111 2409 3192 canonici,
2473 3108 2750 3175 diversis
2802 3114 2970 3176 tem-

313 3205 580 3289 poribus
628 3205 960 3270 diversum
1008 3204 1256 3271 habuit.

492 3303 632 3380 Qua
678 3302 935 3368 ratione
983 3303 1136 3368 olim
1181 3324 1244 3369 v,
1294 3324 1357 3385 g.
1400 3303 1567 3386 juris
1615 3302 1910 3368 canonici
1955 3304 2271 3382 collectiO,
2323 3324 2408 3369 ex
2454 3325 2623 3370 saec.
2658 3306 2768 3370 IX.
2818 3327 2969 3389 pro-

312 3400 601 3479 veniens,
644 3422 812 3483 quae
852 3401 1089 3466 dicitur
1118 3403 1413 3467 Anselmo
1454 3404 1769 3485 dedicata,
1812 3402 2267 3485 appellabatur
2308 3405 2549 3488 Corpus
2587 3426 2899 3469 canonum
2920 3401 2964 3470 ³.

492 3500 734 3565 Postea
796 3500 1134 3564 Decretum
1205 3500 1515 3565 Gratiani
1576 3521 1709 3564 non
1776 3500 1985 3564 solum
2054 3502 2296 3585 Corpus
2358 3503 2779 3585 decretorum,
2852 3502 2969 3566 sed

313 3596 513 3662 etiam
563 3598 806 3682 Corpus
838 3600 1018 3682 juris
1066 3600 1354 3663 canonici
1401 3596 1525 3662 dici
1571 3598 1828 3662 solebat
1852 3597 1897 3663 ⁴.
2392 3594 2399 3600 ’

489 3704 742 3770 Deinde
801 3708 942 3770 tum
1002 3704 1300 3786 singulae
1359 3705 1453 3770 sic
1513 3705 1837 3799 dictarum
1895 3706 2419 3789 Compilationum
2480 3709 2894 3792 antiquarum
2919 3707 2964 3791 5,

311 3806 454 3869 tum
517 3802 813 3868 collectio
876 3802 1301 3868 decretalium
1363 3805 1767 3888 Greqoriana
1820 3842 1911 3850 -—
1961 3804 2203 3888 Corpus
2254 3806 2433 3888 juris
2491 3807 2782 3870 canonici
2842 3804 2967 3870 dici

313 3904 795 3966 consueverunt
819 3898 863 3966 ⁶.

493 4085 512 4119 ¹
551 4084 700 4150 Quae
752 4085 1108 4139 communiter
1160 4084 1356 4139 dicitur
1407 4086 1585 4138 Codex
1640 4088 2027 4153 Greqorianus.
2107 4085 2214 4138 Cfr.
2271 4084 2414 4139 infra
2466 4087 2693 4155 append.
2746 4103 2863 4156 cap.
2919 4087 2965 4140 1.

491 4246 510 4278 ²
551 4247 772 4313 Puchta,
812 4245 1018 4299 Cursus
1057 4246 1152 4298 der
1189 4243 1589 4310 Institutionen,
1629 4245 1711 4298 ed.
1751 4245 1845 4299 IX.
1908 4244 2054 4315 LiPS.
2098 4245 2252 4310 1881,
2291 4248 2420 4299 tom.
2455 4246 2496 4300 I.
2536 4264 2589 4316 p.
2629 4246 2752 4300 374.

492 4326 511 4360 ³
552 4325 661 4378 Cfr.
701 4342 867 4394 supra
903 4343 955 4395 p.
998 4326 1079 4379 19.
1259 4328 1284 4360 4
1323 4324 1432 4378 Cfr.
1471 4342 1637 4395 supra
1674 4343 1726 4394 p.
1766 4325 1854 4379 25.
1893 4325 1926 4391 ξ
1968 4326 2050 4380 15.

492 4407 511 4440 ⁵
551 4404 659 4459 cfr.
699 4422 864 4474 supra
901 4424 953 4475 p.
995 4405 1113 4460 128.
1153 4404 1186 4471 ἕ
1225 4406 1308 4459 70.

491 4486 511 4521 ⁶
548 4485 611 4538 Id
647 4487 885 4539 testatur
924 4488 1163 4538 Joannes
1200 4487 1470 4554 Andreae,
1510 4486 1637 4539 dum
1670 4485 1880 4555 Papam
1906 4484 2231 4551 Gregorium
2257 4485 2350 4539 IX.
2391 4503 2420 4538 e
2458 4485 2695 4554 quinque
2731 4484 2843 4539 illis
2881 4503 2966 4539 ca-

309 4583 510 4618 nonum
549 4565 959 4620 collectionibus
995 4582 1159 4618 unam
1197 4566 1460 4619 adornare
1497 4564 1757 4630 voluisse,
1794 4565 1852 4618 in
1888 4565 2003 4619 suis
2041 4565 2287 4620 Novellis
2319 4565 2730 4620 Commentariis
2766 4564 2823 4618 in
2850 4565 2967 4620 Col-

308 4646 434 4700 lect.
464 4645 689 4713 Gregor.
711 4646 803 4699 IX.
831 4645 887 4698 in
913 4645 1155 4699 Prooem.
1195 4644 1253 4698 in
1288 4646 1495 4699 bullam
1533 4645 1946 4716 publicationis:
1985 4648 2104 4700 Rex
2129 4649 2410 4716 pacificus,
2449 4665 2502 4700 V.
2529 4649 2663 4716 Rex,
2701 4646 2742 4700 Ι.
2781 4664 2833 4699 n.
2862 4646 2965 4712 38„

306 4727 492 4791 refert,
532 4726 746 4780 dicens:
793 4724 1204 4792 „Pluralitatem
1242 4743 1529 4795 corporum
1554 4725 1613 4779 in
1649 4743 1816 4780 unum
1844 4744 2037 4795 corpus
2059 4726 2308 4794 redigere
2333 4727 2470 4791 vult,
2508 4726 2756 4794 singulas
2781 4729 2966 4796 partes

306 4806 400 4861 vel
451 4806 692 4877 capitula
740 4805 875 4860 locis
927 4805 1180 4872 congruis
1230 4806 1564 4861 inserend0.“
1642 4807 1783 4861 Item
1820 4806 1971 4877 Papa
2010 4809 2352 4860 Innocentius
2388 4808 2482 4861 IV.
2528 4806 2586 4860 in
2636 4825 2736 4861 sua
2787 4806 2965 4861 bulla:

3071 4926 3154 4981 f
