3355 5328
1361 355 1539 410 sectio
1575 356 1644 410 11
1697 356 1730 424 5
1767 342 1855 412 86
2837 350 2939 415 153

276 513 422 677 dg?
471 513 834 680 &visiones
897 536 1097 601 supra
1154 508 1519 586 memorato
1566 521 1829 586 Nicolao
1893 522 1971 586 de
2026 521 2369 586 Tudeschis
2415 518 2936 602 (Panormitano)

273 632 315 678 a
395 633 489 677 cr1
532 635 622 678 un
654 635 732 679 ur

455 721 517 786 2.
564 721 724 786 Loci
760 724 1084 806 paralleli,
1135 744 1219 788 ex
1264 725 1547 791 Decreto
1597 723 1897 791 Gratiani
1941 724 2195 802 hausti:
2246 724 2355 808 qui
2402 723 2662 807 quidem
2706 724 2936 790 imme-

273 815 452 883 diate
497 822 648 902 post
696 819 1050 901 divisiones
1094 820 1440 888 titulorum
1484 822 1685 906 positi
1731 826 1883 888 sunt
1910 818 1953 888 ².

453 917 513 982 3.
566 917 788 1001 Casae,
837 939 1037 1002 supra
1083 916 1172 1003 (p.
1223 919 1360 1002 47.)
1405 921 1755 986 memorati
1802 920 2141 986 occasione
2184 920 2452 985 Decreti
2500 919 2799 986 Gratiani
2826 917 2869 986 ³.

450 1015 513 1080 4.
561 1015 906 1100 Paratitla,
940 1017 980 1082 i.
1009 1038 1064 1082 e.
1091 1016 1404 1085 succincti
1436 1022 1825 1103 conspectus
1848 1017 2227 1101 graviorum
2259 1017 2620 1084 sectionum
2651 1019 2933 1100 glossae,

269 1110 355 1175 ad
400 1112 767 1194 marginem
811 1114 1003 1198 hujus
1048 1114 1247 1199 positi
1273 1113 1317 1182 ⁴.

451 1211 511 1276 5.
568 1209 737 1276 Item
782 1212 908 1277 huc
967 1212 1258 1296 pertinet
1315 1213 1645 1297 peculiare
1708 1235 1870 1298 opus
1889 1264 1903 1292 ,
1967 1212 2036 1278 in
2095 1235 2222 1296 quo
2282 1213 2409 1278 loci
2452 1206 2721 1280 Decreti
2768 1214 2934 1279 Gra-

266 1305 434 1372 tiani
452 1357 467 1387 ,
529 1308 689 1374 locis
747 1310 940 1394 hujus
1000 1310 1425 1377 decretalium
1487 1310 1889 1377 collectionis
1936 1316 2372 1393 congruentes
2390 1362 2404 1390 ,
2461 1333 2594 1378 una
2638 1333 2785 1377 cum
2829 1312 2934 1376 his

269 1405 682 1475 exhibentur.
776 1406 960 1484 Quod
1030 1430 1192 1494 opus
1260 1409 1623 1475 Ludovicus
1692 1410 2084 1496 Boloyninus
2105 1462 2121 1493 ,
2196 1409 2414 1494 patria
2481 1409 2929 1488 Bononiensis,

267 1523 329 1569 a.
384 1506 551 1570 1447
615 1509 812 1571 natus
830 1555 844 1583 ,
905 1505 1071 1590 juris
1134 1506 1343 1572 civilis
1405 1511 1473 1573 et
1534 1507 1830 1573 canonici
1888 1508 1957 1574 in
2020 1508 2313 1592 pluribus
2370 1507 2932 1575 Universitatibus

262 1600 604 1684 professor
649 1601 720 1685 (†
756 1603 988 1687 1508),
1052 1605 1358 1670 exaravit
1403 1606 1522 1670 sub
1569 1605 1799 1672 titulo:
1873 1605 2159 1683 „Tabula
2204 1605 2517 1671 Ludovici
2562 1605 2930 1687 Bolognini,

265 1701 672 1766 concordans
716 1702 1101 1782 Decretales
1149 1724 1295 1768 cum
1339 1703 1689 1770 Decreto“.
1784 1703 1963 1780 Quae
2024 1704 2252 1769 tabula
2299 1703 2601 1788 apposita
2648 1707 2750 1769 est
2796 1703 2932 1769 edi-

263 1797 434 1864 tioni
495 1799 897 1865 collectionis
959 1801 1382 1867 decretalium
1443 1800 1742 1884 Gregorii
1788 1801 2009 1886 Papae
2055 1801 2167 1868 IX.
2188 1852 2203 1880 ,
2267 1802 2348 1866 ab
2408 1801 2550 1885 ipso
2610 1803 2933 1867 Ludovico

260 1897 616 1982 Boloqm'no
663 1901 951 1977 curatae,
1001 1920 1168 1982 quae
1213 1898 1456 1983 prodiit
1503 1921 1561 1965 a.
1617 1901 1788 1965 1472
1838 1897 1916 1981 (s,
1966 1899 2061 1982 1.),
2110 1903 2186 1965 ut
2229 1899 2511 1978 videtur,
2558 1899 2928 1977 Bononiae3

261 1993 426 2060 item
495 1994 564 2060 in
639 1996 922 2064 editione
992 1997 1292 2063 Romana
1368 1997 1748 2064 authentica
1814 2019 1872 2063 a.
1947 1999 2115 2062 1582
2140 2047 2155 2075 ,
2233 2001 2433 2080 atque
2500 1997 2568 2062 in
2645 1997 2930 2064 editione

260 2092 474 2175 Lugd.
529 2095 719 2172 1671,
766 2099 924 2161 tom.
973 2095 1057 2161 II.
1087 2093 1113 2132 ⁵

1066 2333 1588 2403 ARTIGULUS
1635 2333 2120 2403 SECUNDUS.

254 2488 418 2560 Inde
464 2490 545 2562 ab
604 2488 883 2562 editione
939 2488 1134 2583 hujus
1191 2489 1594 2669 collegtipnis
1609 2491 2033 2670 ¹³anthentica
2077 2491 2361 2563 Romana
2416 2490 2672 2630 α.1582
2717 2461 2926 2584 usque

1317 2615 1356 2670 a
1491 2616 1564 2670 oc
1646 2615 1869 2689 empus

443 2774 483 2861 ξ
529 2772 632 2843 86.
724 2775 944 2844 Editio
988 2777 1186 2866 hujus
1235 2779 1640 2848 collectionis
1689 2781 2070 2849 authentica
2115 2780 2413 2849 Romana
2460 2801 2521 2848 a.
2568 2778 2744 2850 1582.

441 2939 625 3024 Papa
685 2940 1033 3023 Greqorius
1085 2940 1282 3006 XLH.
1347 2938 1847 3024 (1572—1585)
1914 2940 2404 3008 correctoribus
2463 2942 2730 3007 Decreti
2789 2942 2925 3008 Ro-

248 3036 476 3103 manis
521 3036 666 3119 (cfr.
717 3059 918 3122 supra
961 3059 1023 3121 p.
1076 3039 1180 3103 63.
1229 3038 1401 3119 sqq.)
1463 3038 1665 3104 etiam
1724 3038 2119 3104 revisionem
2181 3038 2581 3105 collectionis
2628 3040 2926 3106 decreta-

249 3135 420 3201 lium
457 3134 900 3217 Gregorianae
929 3134 1288 3202 mandavit.
1347 3135 1531 3212 Quod
1564 3136 1822 3219 quidem
1854 3137 2262 3202 mandatum⁴
2283 3135 2687 3220 pontificium
2712 3139 2923 3204 Fran-

248 3237 465 3300 cis-cus
509 3234 762 3319 Peqna,
822 3233 1091 3299 natione
1136 3232 1491 3317 HispanuS,
1540 3234 1802 3300 auditor
1848 3238 1917 3302 et
1965 3234 2174 3299 serius
2223 3235 2507 3299 decanus
2543 3234 2757 3300 Rotae
2788 3236 2923 3301 Ro-

443 3460 463 3493 ²
503 3457 613 3512 cfr.
665 3458 739 3525 gl.
791 3459 862 3513 ad
912 3459 1144 3514 bullam:
1195 3462 1314 3513 Reoe
1339 3462 1604 3529 pacificus
1654 3477 1710 3513 v.
1750 3460 1933 3526 Sane;
1982 3476 2139 3529 porro
2192 3451 2512 3512 divisionem
2562 3458 2629 3512 X.
2668 3459 2709 3513 Ι.
2734 3460 2798 3512 .2.
2857 3460 2924 3513 de

247 3536 525 3602 constitt„
562 3538 643 3592 ita
666 3538 1042 3609 incipientem:
1088 3540 1269 3606 „Haec
1292 3540 1508 3594 rubrica
1534 3541 1744 3610 potest“
1777 3542 1908 3603 etc.;
1949 3538 2270 3592 divisionem
2296 3556 2411 3609 cap.
2444 3539 2489 3592 1.
2519 3539 2665 3593 eod.:
2711 3538 2922 3604 „Primo

246 3618 477 3673 statuit.
500 3616 745 3674 Secundo
771 3620 1133 3674 confirmando
1160 3619 1432 3685 declarat;
1455 3620 1556 3673 ibi:
1597 3628 1643 3672 et
1666 3621 1846 3672 men&
1866 3639 1890 3687 ,·
1912 3617 2045 3672 item
2072 3617 2391 3672 divisionem
2416 3636 2533 3689 cap.
2554 3619 2605 3673 2.
2632 3636 2752 3689 sqq.
2780 3621 2921 3684 eod.;

246 3717 378 3770 cap.
411 3699 458 3752 1.
487 3716 607 3768 sqq.
634 3699 701 3753 X.
741 3700 808 3754 de
844 3700 1092 3769 rescript.
1119 3700 1160 3754 Ι.
1189 3700 1238 3754 3.
1292 3699 1442 3766 Quae
1478 3702 1764 3753 divisiones
1798 3701 2051 3753 textuum
2089 3697 2295 3768 pariter
2325 3698 2440 3769 jam
2476 3697 2829 3753 inveniuntur
2864 3701 2922 3754 in

243 3778 590 3835 editionibus
609 3796 774 3849 supra
793 3797 844 3849 p.
865 3780 984 3834 151.
1003 3783 1114 3834 not.
1132 3781 1182 3834 2.
1204 3780 1470 3846 adductis,
1490 3780 1548 3833 in
1567 3780 1765 3849 quibus
1782 3783 2084 3833 summaria
2103 3778 2344 3848 capitum
2364 3796 2646 3833 occurrere
2666 3779 2920 3835 diximus.

442 3858 463 3893 ²
503 3858 611 3913 cfr.
651 3876 791 3928 quae
825 3863 1084 3914 notantur
1120 3861 1310 3915 statim
1346 3863 1471 3930 post
1507 3860 1803 3915 divisiones
1838 3877 1894 3913 V.
1933 3875 1986 3926 g.
2024 3851 2091 3913 X.
2131 3858 2172 3912 Ι.
2212 3859 2294 3924 2.,
2332 3858 2400 3911 Χ.
2439 3859 2478 3913 Ι.
2519 3859 2552 3912 3
2590 3863 2647 3914 et
2682 3859 2748 3913 X.
2788 3861 2829 3914 Ι.
2870 3862 2919 3915 5.

440 3941 462 3975 ⁸
500 3938 604 4004 Qui
641 3935 965 3994 exhibentur
997 3941 1112 4011 jam
1148 3939 1205 3994 in
1242 3935 1568 3995 editionibus
1606 3942 1849 3994 Norimb.
1892 3940 2024 3993 1491
2068 3942 2233 4008 atque
2274 3939 2428 3994 1496.
2473 3939 2651 4008 (Hain
2665 3982 2682 4010 ,
2720 3941 2920 4011 Reper-

236 4019 459 4075 torium
496 4018 1000 4090 bibliographicum,
1038 4021 1146 4075 vol.
1185 4021 1226 4074 Ι.
1265 4024 1404 4092 part.
1443 4021 1494 4074 2.
1533 4038 1585 4090 p.
1624 4021 1747 4075 520.
1784 4038 1837 4073 ιι.
1877 4019 2034 4076 8030.
2074 4022 2131 4073 et
2166 4037 2218 4089 p.
2258 4019 2379 4073 521.
2417 4037 2469 4073 ιι.
2509 4018 2692 4088 8034.)

437 4100 463 4135 4
501 4099 611 4153 Cfr.
648 4099 957 4171 hujusmodi
1007 4100 1326 4171 paratitlum
1372 4100 1442 4154 ad
1491 4100 1566 4167 gl.
1619 4118 1665 4154 c.
1706 4100 1757 4154 8.
1796 4099 1862 4153 Χ.
1902 4099 1969 4153 de
2006 4101 2246 4153 consuet.
2286 4099 2327 4152 Ι.
2366 4099 2416 4153 4.
2456 4117 2509 4153 v.
2563 4118 2599 4152 a
2633 4105 2919 4170 suspen-sic,

236 4179 404 4250 quod
457 4179 676 4249 incipit:
739 4179 938 4246 „Quasi
991 4180 1131 4235 velit
1164 4180 1433 4234 indicare“
1492 4183 1626 4244 etc.;
1663 4179 1797 4234 item
1819 4221 1832 4243 ,
1889 4180 2033 4249 quod
2082 4178 2302 4248 incipit:
2360 4178 2695 4248 „Suspensus
2746 4198 2779 4234 a
2830 4199 2921 4235 ca-

236 4260 429 4314 none“
474 4262 596 4324 etc„
635 4262 829 4328 atque:
875 4259 1012 4326 „Ubi
1049 4260 1178 4329 quid
1217 4278 1249 4314 a
1279 4260 1405 4331 jure
1430 4259 1729 4313 communi“
1772 4262 1874 4313 etc.
1902 4259 2196 4312 Praeterea
2220 4258 2538 4328 paratitlum
2563 4259 2633 4312 ad
2655 4260 2731 4327 gl.
2758 4278 2803 4314 c.
2834 4261 2918 4315 11.

233 4341 370 4395 eod.
413 4357 468 4394 v.
508 4341 734 4407 legitime
767 4343 837 4393 sit
862 4344 1228 4410 praescripta,
1264 4339 1463 4410 incip:
1508 4339 1680 4406 „Quid
1714 4337 2011 4409 requiritur
2048 4339 2116 4393 ad
2154 4338 2271 4403 hoc,
2308 4341 2373 4392 ut
2409 4340 2769 4393 consuetudo“
2812 4344 2917 4394 etc.

440 4429 461 4463 ⁵
500 4427 609 4482 cfr.
651 4429 888 4499 Schulte,
926 4428 1025 4483 Die
1065 4429 1392 4483 Geschichte
1430 4429 1527 4482 der
1563 4428 1816 4494 Quellen,
1866 4430 1997 4482 tom.
2035 4427 2103 4482 H.
2142 4445 2193 4498 p.
2234 4428 2355 4482 347.
2427 4426 2619 4481 Eidem
2656 4427 2779 4493 fini,
2835 4428 2919 4482 vi-

233 4507 457 4565 delicet
473 4550 486 4572 ,
523 4510 589 4561 ut
621 4508 728 4562 loci
764 4508 1015 4579 paralleli
1051 4509 1270 4563 Decreti
1309 4508 1557 4563 Gratiani
1594 4509 1663 4562 ad
1701 4508 1917 4577 singula
1956 4507 2138 4579 capita
2177 4507 2510 4561 collectionis
2550 4507 2917 4575 Gregorianae

228 4587 607 4645 inveniantur
623 4630 636 4653 ,
686 4587 921 4654 inservit
957 4605 1121 4659 supra
1165 4589 1239 4660 (p.
1280 4587 1390 4657 56.)
1433 4592 1792 4642 memoratum
1830 4606 1964 4659 opus
2003 4590 2240 4643 Joannis
2277 4605 2312 4640 a
2357 4589 2769 4641 Turrecremata
2784 4629 2801 4657 ,
2837 4588 2916 4641 in-

228 4668 552 4739 scriptum:
615 4668 894 4734 „Gratiani
930 4669 1286 4723 Decretorum
1321 4668 1472 4723 Libri
1508 4669 1775 4739 Quinque,
1812 4669 2108 4723 secundum
2148 4667 2512 4735 Gregorianos
2547 4667 2917 4723 Decretalium

227 4750 447 4805 Libros
485 4748 805 4818 Titulosque
842 4748 1137 4814 distincti&
1189 4752 1246 4803 et
1295 4749 1499 4820 editum
1550 4767 1681 4803 cura
1719 4751 1869 4803 Justi
1903 4750 2207 4803 Fontanini
2239 4748 2444 4802 Romae
2484 4748 2621 4802 1726
2639 4790 2652 4813 ,
2702 4747 2760 4802 in
2811 4766 2917 4819 quo

227 4826 480 4902 partitio
516 4827 738 4883 Decreti
775 4830 1182 4884 accommodata
1219 4829 1499 4900 partitioni
1537 4828 1871 4884 collectionis
1908 4828 2276 4896 Gregorianae
2314 4831 2415 4883 est.
