3355 5328
1413 287 1590 356 Caput
1625 286 1695 339 11.
1747 286 1779 353 s
1821 288 1938 341 157.
2909 286 3015 339 227

1213 459 1534 548 CAPUT
1591 458 2144 547 SECUNDUM.

747 639 1330 737 Appendices
1390 639 1828 738 Corporis
1875 641 2119 737 juris
2174 639 2617 712 canonici.

692 835 731 922 ξ
779 833 907 902 157.
999 835 1196 902 Liber
1245 835 1570 922 Septimus
1620 834 2057 904 decretalium
2102 834 2289 902 Petri
2334 835 2671 902 Matthaei.

535 995 926 1077 Plerumque
973 994 1242 1078 Corpori
1280 994 1446 1078 juris
1495 994 1790 1059 canonici
1848 996 2071 1078 plures
2131 993 2523 1078 appendices
2583 995 2733 1060 addi
2780 998 3016 1076 solent,

352 1098 426 1160 et
474 1093 735 1176 quidem
782 1092 992 1176 primo
1040 1093 1134 1157 sic
1182 1093 1393 1157 dictus
1439 1094 1638 1158 Liber
1670 1095 1988 1178 Septimus
2037 1096 2443 1158 decretalium
2474 1094 2653 1159 Petri
2685 1095 3015 1179 Matthaei,

354 1193 398 1259 i.
435 1213 490 1258 e.
541 1190 838 1256 collectio
888 1190 1331 1268 decretalium,
1382 1212 1422 1255 a
1453 1192 1642 1255 Petro
1675 1192 2015 1275 Matthae0‚
2060 1190 2524 1274 jurisconsulto
2581 1194 2649 1256 et
2696 1192 3017 1259 advocato

354 1289 778 1372 Lugdunensi
825 1286 895 1370 (†
932 1289 1130 1371 1621)
1161 1286 1201 1366 ¹,
1253 1289 1574 1354 adornata
1622 1293 1691 1355 et
1738 1289 1823 1355 ad
1868 1289 2081 1355 instar
2126 1288 2525 1354 collectionis
2574 1289 3018 1370 Gregorianae

355 1388 693 1472 disposita.
788 1386 966 1462 Quae
1027 1386 1323 1452 collectio
1393 1387 1686 1453 continet
1745 1386 2136 1470 praesertim
2197 1386 2559 1452 decretales
2609 1386 3019 1452 Summorum

355 1486 747 1553 Pontificum
792 1485 942 1549 inde
989 1506 1029 1549 a
1078 1486 1256 1549 Sixto
1304 1486 1419 1550 IV.
1471 1482 1971 1567 (1471—1484)
2019 1506 2223 1566 usque
2271 1485 2354 1549 ad
2400 1486 2651 1549 Sixtum
2701 1486 2765 1551 V.
2817 1483 3017 1565 (1585

356 1606 420 1651 11.
458 1584 543 1649 ad
578 1582 776 1664 1590)
809 1582 992 1660 incl.;
1041 1582 1307 1666 insuper
1339 1587 1563 1648 autem
1611 1583 1811 1649 etiam
1859 1583 2316 1647 nonnullorum
2350 1582 2761 1648 Summorum
2794 1584 3020 1650 Ponti-

356 1683 556 1747 ficum
604 1680 1027 1759 anteriorum,
1077 1680 1172 1746 uti
1220 1703 1283 1746 v.
1333 1702 1395 1762 g.
1431 1683 1627 1746 Pauli
1658 1682 1749 1746 II.
1787 1679 2306 1765 (1464—1471),
2356 1682 2632 1766 Euyenii
2664 1682 2779 1747 IV.
2817 1679 3016 1760 (1431

357 1802 424 1846 u.
477 1780 562 1846 ad
615 1779 834 1863 1447),
887 1780 1183 1864 Greyorii
1230 1779 1353 1845 XI.
1405 1776 1906 1860 (1370—1376)
1956 1784 2023 1845 et
2070 1778 2364 1844 aliorum.

538 1877 768 1943 Divisa
801 1880 902 1942 est
934 1877 1230 1943 collectio
1276 1877 1390 1941 illa
1435 1876 1502 1941 in
1535 1881 1884 1943 consuetos
1931 1880 2206 1962 quinque
2251 1879 2462 1959 libros,
2510 1876 2660 1941 libri
2706 1876 2774 1941 in
2811 1879 3022 1943 titulos

358 1980 431 2042 et
461 1975 638 2042 tituli
670 1975 738 2039 in
770 1978 1000 2060 capita.
1066 1976 1389 2040 Rubrieae
1417 1975 1760 2041 titulorum
1794 1995 1830 2039 e
1862 1979 2053 2057 parte
2086 1996 2231 2039 cum
2262 1973 2537 2039 rubricis
2568 1974 2855 2058 priorum
2890 1976 3022 2040 col-

356 2074 712 2140 lectionum
762 2072 1186 2138 decretalium
1235 2077 1622 2154 congruunt,
1674 2094 1711 2138 e
1756 2076 1948 2155 parte
1996 2076 2217 2138 autem
2250 2093 2462 2137 novae
2495 2077 2679 2144 sunt;
2731 2073 2825 2138 uti
2857 2095 2920 2138 v,
2956 2094 3019 2155 g.

360 2172 471 2238 lib.
493 2172 543 2237 I.
569 2172 673 2237 tit.
697 2172 790 2236 4.:
826 2173 904 2236 de
924 2172 1369 2235 cardinalibus
1377 2194 1404 2252 ;
1434 2170 1538 2237 tit.
1569 2172 1665 2235 9.:
1703 2172 1781 2235 de
1799 2173 2029 2235 insulis
2048 2170 2211 2235 Novi
2234 2170 2421 2235 Orbis
2430 2194 2457 2252 ;
2480 2168 2588 2235 lib.
2611 2170 2724 2235 III.
2751 2172 2855 2236 tit.
2889 2173 3021 2236 15.:

358 2272 443 2335 de
473 2277 874 2355 quaestorum
906 2270 1172 2333 tollendo
1207 2268 1409 2333 abusu
1426 2293 1453 2351 ;
1496 2268 1605 2333 lib.
1640 2268 1721 2333 V.
1771 2267 1874 2333 tit.
1915 2269 2051 2332 14.:
2103 2270 2180 2332 de
2210 2275 2605 2333 monetarum
2641 2268 3013 2335 tonsoribus.

542 2366 745 2432 Citari
809 2365 1106 2432 collectio
1170 2366 1285 2430 illa
1351 2367 1519 2431 solet
1543 2416 1556 2443 ,
1625 2366 1723 2431 uti
1785 2365 2199 2431 collectiones
2262 2365 2687 2431 decretalium
2750 2365 3020 2449 priores,

357 2469 660 2532 attamen
721 2487 868 2530 cum
927 2464 1410 2540 additamento:
1472 2467 1544 2528 iu
1592 2465 1736 2529 VII.
1797 2464 1967 2529 Petr.
2030 2464 2256 2529 Matth.
2351 2463 2431 2529 V.
2496 2485 2558 2545 g.
2623 2484 2764 2547 cap.
2820 2467 2875 2529 1.
2943 2465 3022 2529 de

360 2563 827 2641 cardinalibuS,
877 2562 945 2626 in
990 2562 1135 2627 VII.
1185 2562 1362 2627 Petr.
1412 2562 1650 2628 Matth.
1701 2562 1750 2627 Ι.
1802 2563 1863 2627 4.

543 2662 620 2726 In
643 2659 960 2726 indicibus
987 2659 1433 2726 communibus
1450 2659 1792 2726 titulorum
1815 2664 1883 2726 et
1903 2659 2210 2743 capitum,
2239 2658 2348 2742 qui
2375 2658 2764 2726 editionibus
2786 2659 3028 2744 Corpo-

362 2760 459 2825 ris
477 2760 643 2844 juris
669 2759 962 2824 canonici
994 2759 1143 2824 addi
1170 2759 1401 2835 solent,
1430 2779 1627 2841 saepe
1654 2758 1854 2824 etiam
1879 2758 2070 2841 hujus
2104 2757 2502 2824 collectionis
2533 2757 2703 2823 ratio
2727 2759 3025 2825 habetur.

543 2858 833 2922 Primum
882 2856 1177 2922 collectio
1237 2856 1351 2921 illa
1411 2855 1685 2920 seorsim
1747 2856 1926 2922 edita
1973 2860 2075 2922 est
2121 2856 2422 2937 Lugduni
2470 2877 2528 2921 a.
2585 2857 2774 2922 1590.
2869 2856 3028 2922 Inde

361 2957 449 3022 ab
497 2977 555 3022 a.
612 2958 777 3021 1591
831 2959 1049 3021 autem
1111 2955 1494 3038 plerumque
1542 2953 1936 3019 editionibus
1984 2953 2286 3037 Corporis
2326 2953 2491 3036 juris
2541 2953 2833 3019 canonici
2878 2958 3029 3020 tan-

322 3084 325 3087 .
362 3074 567 3136 quam
615 3052 945 3137 appendix
993 3052 1259 3136 adjungi
1307 3052 1647 3118 consuevit
1674 3050 1719 3118 ².

547 3152 1008 3217 Characterem
1054 3150 1383 3233 publicum
1431 3171 1548 3214 seu
1594 3151 1877 3231 legalem
1926 3150 2221 3216 collectio
2267 3150 2432 3214 haec
2478 3171 2608 3214 non
2653 3150 2852 3215 habet
2879 3148 2923 3216 ³.

531 3322 570 3409 ξ
618 3321 752 3390 158.
845 3322 1306 3390 Institutiones
1349 3324 1524 3410 juris
1576 3325 1873 3392 canonici
1920 3324 2197 3392 Joannis
2244 3323 2438 3390 Pauli
2484 3323 2871 3390 Lancelotti.

548 3468 751 3532 Porro
801 3466 1068 3550 Corpori
1109 3467 1274 3550 juris
1336 3467 1629 3532 canonici
1688 3473 2003 3549 tanquam
2066 3465 2395 3550 appendix
2455 3465 2607 3531 addi
2662 3466 2875 3531 solent
2921 3468 3029 3532 Iu-

361 3568 716 3630 stitutioues
749 3567 928 3650 juris
975 3568 1265 3630 canonici
1305 3566 1582 3631 Joannis
1622 3567 1817 3630 Pauli
1858 3566 2227 3648 Laueelotti,
2276 3563 2668 3648 professoris
2707 3563 2874 3647 juris
2921 3586 3031 3629 ca-

554 3724 570 3755 ¹
608 3723 824 3790 Jaeher,
863 3721 1096 3789 Allgem.
1139 3721 1721 3785 Gelehrten—Lexikon,
1762 3721 1857 3774 III.
1899 3721 2021 3774 295.
2062 3738 2143 3789 sq.
2182 3738 2235 3774 v,
2275 3721 2541 3773 Matthieu
2586 3719 2849 3788 (Petrus).

550 3803 571 3837 ²
609 3801 812 3855 Addita
838 3801 981 3855 enim
1002 3803 1115 3872 jam
1145 3805 1230 3855 est
1257 3802 1479 3856 editioni
1507 3801 1758 3871 Corporis
1791 3800 1934 3870 juris
1974 3800 2233 3864 canonici,
2273 3817 2413 3868 quae
2440 3819 2487 3854 a.
2518 3801 2656 3867 1590
2682 3818 2763 3870 sq.
2802 3801 3032 3855 Franco-

362 3880 503 3935 furti
540 3881 755 3950 prodiit.
807 3882 949 3935 Hinc
987 3882 1167 3934 minus
1204 3885 1353 3936 recte
1393 3885 1644 3936 asserunt
1684 3883 1914 3949 Phillips
1946 3880 2378 3949 (Kirchenrecht,
2417 3884 2545 3935 tom.
2574 3882 2666 3934 IV.
2708 3900 2759 3951 p.
2786 3880 2933 3950 409.)
2978 3886 3033 3936 et

367 3963 587 4015 Schulte
631 3960 754 4029 (Die
791 3961 965 4016 Lehre
1003 3980 1111 4016 von
1150 3962 1251 4015 den
1291 3962 1519 4026 Quellen
1556 3963 1650 4015 des
1690 3961 1896 4015 kathol.
1936 3961 2377 4025 KirchenrechtS,
2416 3979 2467 4030 p.
2509 3960 2683 4029 353.),
2736 3961 2887 4014 illam
2926 3963 3032 4016 col-

368 4041 660 4096 lectionem
711 4041 944 4111 primum
997 4042 1221 4096 editioni
1260 4042 1510 4111 Corporis
1556 4041 1699 4112 juris
1738 4041 2012 4103 canonici,
2066 4059 2204 4110 quae
2243 4059 2290 4095 a.
2337 4041 2468 4095 1661
2510 4041 2762 4108 Lugduni
2814 4042 3031 4111 prodiit,

365 4122 612 4176 additam
653 4140 789 4176 esse.

556 4208 573 4236 ³
614 4203 843 4255 Praeter
879 4202 1024 4256 hunc
1063 4204 1239 4256 adhuc
1292 4203 1432 4256 alius
1471 4205 1801 4256 memoratur
1838 4205 2005 4257 Liber
2044 4204 2308 4270 Septimus
2345 4204 2723 4270 decretalium,
2775 4202 3033 4256 videlicet
3097 4258 3100 4259 γ

370 4283 657 4335 Clementis
682 4284 832 4336 VIII.
874 4282 978 4347 Qui
1016 4283 1153 4337 liber
1185 4283 1344 4354 jussu
1370 4283 1553 4352 Papae
1587 4285 1841 4350 Greyorii
1864 4285 2028 4336 XIII.
2073 4280 2475 4351 (1572—1585)
2521 4281 2771 4335 adornari
2808 4285 3032 4351 coeptus

366 4364 429 4415 et
465 4362 567 4415 sub
604 4362 933 4416 Pontificatu
977 4365 1255 4416 Clementis
1289 4364 1440 4416 VIII.
1488 4362 1892 4431 (1592—1605)
1936 4363 2219 4417 absolutus
2258 4365 2313 4416 et
2349 4364 2518 4416 Libe-r
2556 4363 2822 4430 Septimus
2858 4365 3033 4414 decre-

364 4444 565 4495 talium
607 4444 885 4495 Clementis
925 4446 1106 4511 Papae
1143 4446 1293 4497 VIII.
1352 4443 1560 4506 dictus,
1612 4460 1959 4512 nequaquam
2011 4446 2195 4497 autem
2247 4460 2279 4496 a
2316 4442 2454 4496 Sede
2491 4442 2806 4512 Apostolica
2844 4459 3031 4511 appro-

373 4521 550 4586 batuS,
587 4540 688 4576 nec
715 4522 881 4576 etiam
905 4523 1217 4593 publicatus
1245 4525 1343 4576 est.
1397 4522 1507 4576 Cfr.
1537 4522 1602 4576 de
1630 4541 1691 4576 eo
1720 4524 1966 4592 Phillips,
1992 4523 2405 4591 Kirchenrecht,
2431 4525 2560 4576 tom.
2589 4523 2681 4576 IV.
2709 4541 2759 4591 p.
2787 4523 2889 4574 477
2918 4538 3030 4589 sq.;

369 4603 631 4671 Scherer,
684 4602 987 4656 Handbuch
1041 4603 1135 4656 des
1172 4603 1625 4668 Kirchenrechts,
1676 4606 1806 4656 tom.
1845 4603 1886 4656 Ι.
1939 4621 1991 4673 p.
2032 4604 2153 4656 275.
2228 4602 2399 4672 Typis
2448 4602 2593 4656 hunc
2631 4601 2826 4654 librum
2864 4599 3035 4653 edidit

373 4683 577 4735 Fran&
632 4684 807 4736 Sentis
843 4681 1090 4749 Friburg.
1131 4682 1310 4749 Brisg.
1365 4701 1412 4736 a.
1457 4682 1595 4736 1870
1647 4683 1748 4736 sub
1799 4682 1990 4736 titulo:
2051 4682 2378 4748 „Clementis
2416 4682 2598 4751 Papae
2636 4681 2783 4734 VIIl.
2836 4680 3034 4733 Decre-

362 4762 531 4828 ssaleS,
571 4780 708 4831 quae
746 4763 913 4829 vulgo
951 4765 1332 4832 nuncupantur
1370 4762 1530 4816 Liber
1567 4761 1842 4832 Septimus
1880 4761 2249 4816 Decretalium
2287 4760 2583 4816 Clementis
2621 4761 2799 4815 VIII.“

2510 4846 2619 4902 15²ltg
