3355 5328
1436 304 1615 360 Sectio
1650 305 1745 359 IV.
1802 305 1836 372 ἓ
1876 305 1995 359 112.
2941 309 3043 364 177

379 464 780 531 collectionis
827 465 1250 550 exemplaria,
1305 487 1439 532 non
1482 466 1731 549 absque
1775 466 2034 549 magnis
2082 466 2388 551 expensis
2436 470 2505 533 et
2549 468 2755 534 multo
2793 468 3037 547 labore,

378 550 883 642 conficerentur3
932 585 1131 646 quum
1177 585 1372 649 porro
1420 563 1623 630 etiam
1669 586 1711 629 a
1756 564 1981 629 multis
2014 564 2094 628 de
2124 564 2249 629 hoc
2281 569 2457 631 esset
2486 568 2761 647 rogatus
2785 565 2842 630 ¹:
2889 566 3041 632 hinc

378 659 719 726 consilium
765 661 958 746 cepit,
1008 661 1373 727 decretales
1406 664 1475 727 et
1506 661 2028 739 constitutiones,
2077 661 2159 726 ab
2190 661 2396 745 ipsius
2426 662 3039 746 praedecessoribus

378 761 533 841 post
579 759 1089 843 publicationem
1137 759 1541 826 collectionis
1590 759 2037 841 Gregorianae
2070 757 2202 842 (die
2236 761 2294 825 5.
2332 760 2509 844 Sept.
2558 760 2757 843 1234)
2804 761 3037 842 editaS,

374 876 498 922 nec
528 878 660 922 non
691 879 846 923 suas
875 858 1081 943 ipsius
1114 857 1480 923 decretales
1512 861 1581 924 et
1612 857 2135 942 constitutiones,
2184 878 2390 940 usque
2420 862 2580 924 tunc
2612 859 2905 938 emissas,
2956 861 3040 925 ad

374 952 588 1021 instar
633 956 1036 1022 collectionis
1085 956 1530 1038 Gregorianae
1576 955 1644 1020 in
1691 977 1933 1022 novam
1950 1005 1965 1035 ‚
2027 976 2147 1039 per
2191 975 2264 1021 se
2311 956 2778 1024 subsistentem
2795 1008 2809 1036 ,
2866 958 3040 1023 redi-

375 1053 573 1134 gendi
619 1054 1090 1133 collectionem,
1140 1075 1308 1136 quae
1354 1054 1804 1120 collectionem
1855 1053 2329 1135 Gregorianam
2375 1054 2789 1122 continuaret
2810 1106 2824 1133 ,
2872 1056 3041 1121 indi-

375 1151 617 1233 gentiis
664 1152 812 1218 aevi
857 1152 1032 1218 illius
1077 1154 1270 1237 plene
1317 1151 1736 1218 satisfaceret
1780 1151 2101 1234 simulque
2148 1153 2231 1216 ab
2270 1151 2445 1217 omni
2484 1154 2941 1236 superfluitate
2973 1159 3044 1222 et

373 1249 759 1332 prolixitate
806 1254 1006 1333 atque
1054 1250 1525 1317 contrarietate
1570 1248 1876 1314 immunis
1923 1253 2118 1316 esset.

555 1356 738 1434 Quod
802 1358 1141 1424 consilium
1205 1357 1388 1440 Papa
1451 1356 1832 1423 Bonifacius
1895 1357 2073 1423 VIII.
2146 1357 2634 1439 exsequendum
2698 1360 3040 1427 mandavit

375 1454 712 1520 Gailielmo
761 1459 839 1521 de
885 1457 1301 1540 Mandaqotto
1315 1506 1334 1539 ,
1382 1455 1845 1520 Ebrudunensi
1865 1452 1891 1493 ²
1935 1454 2004 1519 in
2051 1454 2265 1521 Gallia
2311 1455 2802 1540 archiepiscopo
2822 1455 2868 1534 ²³,
2915 1458 3038 1523 Be-

374 1556 674 1638 renyario
735 1555 996 1619 Fredoli
1009 1605 1028 1637 ,
1090 1553 1416 1619 Biterensi
1439 1550 1466 1590 ⁴
1524 1553 1593 1617 in
1659 1552 1873 1618 Gallia
1938 1552 2241 1637 episcopo
2269 1551 2295 1588 ⁵
2317 1603 2331 1631 ,
2395 1557 2462 1619 et
2527 1555 2857 1621 Richardo
2921 1556 3038 1621 Pe-

374 1657 575 1734 tr0n0,
623 1651 843 1734 patria
891 1650 1163 1716 Senensi
1210 1649 1480 1732 (Siena),
1529 1650 1867 1715 Ecclesiae
1912 1650 2250 1717 Romanae
2296 1649 2861 1730 vicecancellario‚
2912 1652 3039 1717 eis-

376 1769 502 1830 que
549 1749 633 1814 ad
678 1749 850 1814 hunc
894 1750 1091 1813 finem
1138 1749 1663 1832 consequendum
1683 1799 1697 1827 ,
1746 1748 2152 1814 necessarias
2197 1747 2266 1813 in
2312 1752 2505 1815 textu
2550 1750 3038 1834 praedictarum

376 1846 801 1913 decretalium
850 1850 920 1913 et
965 1846 1505 1912 constitutionum
1551 1846 2032 1932 pontificiarum
2078 1846 2480 1913 mutationes
2526 1847 2810 1913 faciendi
2827 1898 2842 1927 ,
2899 1849 3039 1934 ple-

374 1966 530 2011 nam
574 1949 978 2029 potestatem
1026 1945 1304 2011 contulit
1330 1943 1374 2011 ⁶.

555 2051 676 2129 Qui
720 2051 847 2117 viri
880 2050 1330 2119 collectionem
1359 2053 1548 2130 hanc,
1596 2053 1681 2117 ad
1720 2051 1934 2117 instar
1978 2051 2379 2117 collectionis
2414 2052 2857 2135 Gregorianae
2905 2054 3038 2119 dis-

281 2183 287 2196 ·
373 2149 678 2234 positam,
727 2171 899 2216 anno
952 2151 1122 2215 1298
1169 2150 1612 2228 absolverunt,
1663 2149 1851 2232 eique
1895 2153 2213 2232 tanquam
2262 2152 2667 2234 appendicem
2719 2152 2802 2216 88
2840 2172 3037 2233 regu-

373 2249 474 2314 las
515 2248 681 2332 juris
700 2299 714 2327 ,
776 2270 818 2314 a
869 2247 1338 2332 jurisconsulto
1397 2250 1571 2314 Dino
1633 2250 1714 2314 de
1774 2248 2164 2313 Rossonibus
2177 2299 2196 2331 ,
2258 2247 2476 2331 patria
2524 2248 2914 2331 Mugellensi
2967 2250 3037 2314 in

373 2345 632 2425 Tuscia,
679 2347 1052 2431 professore
1091 2346 1259 2429 juris
1305 2345 1516 2410 civilis
1560 2346 1629 2410 in
1661 2344 2116 2412 Universitate
2146 2345 2542 2411 Bononiensi
2576 2345 2646 2428 (†
2683 2346 2882 2429 1303)
2904 2346 2947 2425 ⁷,
2997 2369 3035 2413 e

367 2445 517 2528 jure
563 2443 739 2510 civili
783 2465 1055 2509 romano
1105 2444 1526 2510 concinnatas
1551 2442 1598 2522 ⁸,
1647 2444 2109 2527 adjunxerunt.

1047 2653 1087 2740 ξ
1134 2650 1256 2721 112.
1349 2652 1509 2742 Ejus
1558 2651 1932 2739 designatio
1981 2652 2049 2720 et
2098 2651 2354 2720 divisio.

550 2824 810 2893 Dicitur
855 2824 1150 2891 collectio
1195 2824 1311 2890 illa
1328 2874 1343 2903 ,
1393 2823 1621 2890 habita
1681 2822 1938 2889 ratione
1985 2822 2384 2889 collectionis
2432 2823 2903 2905 Gregorianae,
2966 2825 3035 2891 in

374 2924 650 3007 quinque
693 2924 887 2988 libros
919 2922 1187 3001 divisae,
1241 2923 1424 3006 cujus
1470 2920 1874 2987 continuatio
1921 2920 2065 3005 ipsa
2098 2925 2219 2999 est,
2265 2925 2409 2987 tum
2440 2921 2641 2987 etiam
2673 2921 2897 2989 habito
2930 2945 3036 2989 re-

374 3023 605 3104 spectu
651 3021 735 3085 ad
785 3020 1079 3086 valorem
1124 3023 1374 3086 numeri
1419 3022 1663 3085 senarii
1715 3017 1811 3101 (6)
1858 3019 2289 3102 symbolicum
2306 3069 2320 3098 ,
2384 3019 2495 3102 qui
2540 3040 2850 3086 numerus
2894 3043 3034 3087 rem

374 3118 768 3201 completam
815 3139 932 3184 seu
978 3118 1344 3202 perfectam
1390 3117 1761 3199 significare
1811 3116 2100 3184 creditur
2121 3115 2165 3195 ⁹,
2213 3118 2413 3183 Liber
2459 3119 2706 3184 Sextus,

551 3220 781 3290 Divisa
813 3229 916 3291 est
946 3225 1242 3292 collectio
1275 3225 1456 3303 haec,
1490 3224 1589 3291 uti
1621 3223 1917 3290 collectio
1945 3224 2369 3305 Gregoriana‚
2402 3224 2471 3289 in
2503 3225 2786 3307 quinque
2818 3226 3030 3312 libros,

374 3321 485 3403 qui
531 3321 847 3387 subdivisi
892 3326 1047 3388 sunt
1087 3323 1155 3387 in
1201 3324 1427 3407 titulos,
1477 3321 1853 3387 summatim
1903 3323 1985 3386 76
2034 3321 2411 3407 (appendice
2457 3322 2536 3387 de
2583 3324 2827 3405 regulis
2866 3325 3033 3407 juris

372 3439 505 3484 non
551 3420 979 3504 computata),
1030 3421 1137 3502 qui
1183 3442 1380 3505 porro
1428 3419 1720 3485 distincti
1767 3424 1920 3514 sunt
1965 3418 2034 3483 in
2081 3422 2326 3505 capita,
2389 3420 2746 3485 universim
2807 3423 2935 3487 359
2959 3420 3029 3489 ¹⁰.

372 3652 425 3704 p.
454 3634 770 3689 786.—796.
788 3654 801 3699 ;
841 3637 1004 3704 Idem,
1041 3633 1143 3687 Die
1182 3631 1510 3688 Geschichte
1548 3631 1644 3684 der
1675 3630 1921 3696 Quellen,
1958 3634 2087 3684 tom.
2115 3630 2180 3683 II.
2220 3649 2271 3700 p.
2312 3630 2557 3684 34.—44.
2575 3650 2587 3695 ;
2626 3632 2938 3700 Friedbery,
2975 3632 3033 3686 in

375 3714 530 3784 Corp.
563 3715 673 3785 jur.
711 3732 829 3769 can.
867 3717 1008 3784 part.
1046 3714 1114 3767 II.
1153 3712 1396 3783 prolegg.
1437 3711 1535 3765 col.
1574 3711 2006 3765 XLIX.—LV11.
2535 3707 2537 3709 ’

557 3804 577 3839 ¹
613 3802 688 3857 Et
721 3802 1040 3857 nominatim
1078 3802 1296 3871 quidem
1321 3801 1389 3854 ab
1415 3799 1790 3854 Universitate
1823 3798 2163 3863 Bononiensi,
2200 3798 2284 3852 uti
2319 3800 2488 3852 refert
2513 3801 2754 3854 Joannes
2779 3802 3033 3855 Andreae

371 3882 430 3936 in
467 3882 584 3936 suis
621 3883 868 3937 Novellis
914 3881 1316 3937 commentariis
1366 3881 1424 3934 in
1460 3880 1687 3934 Sextum
1740 3880 2091 3934 decretalium
2128 3879 2351 3933 Librum
2366 3922 2379 3944 ,
2430 3879 2487 3932 in
2537 3880 2743 3934 bullam
2792 3881 3032 3951 publica-

370 3962 566 4018 tionis:
606 3963 1008 4032 Saerosanctae,
1047 3964 1098 4017 d.
1138 3963 1188 4016 d.
1227 3962 1277 4015 3.
1316 3961 1477 4014 Mart.
1521 3961 1676 4026 1298,
1715 3978 1767 4014 V.
1808 3978 1843 4013 a
1879 3962 2077 4014 multis.

552 4053 573 4087 ²
609 4052 962 4105 Ebrudunum
999 4074 1070 4097 =
1105 4051 1347 4105 Embrun
1382 4049 1439 4103 in
1478 4049 1673 4104 Gallia.

554 4133 575 4168 ⁸
614 4134 844 4202 Schulte,
881 4133 980 4186 Die
1019 4130 1347 4187 Geschichte
1385 4131 1480 4184 der
1516 4129 1762 4195 Quellen,
1800 4132 1928 4184 tom.
1967 4130 2035 4183 Π.
2073 4147 2125 4200 p.
2169 4129 2286 4184 183.
2326 4147 2446 4198 sqq.

550 4213 574 4248 ⁴
610 4212 829 4266 Biterae
868 4233 947 4281 =⁸
973 4212 1191 4266 Beziers
1226 4211 1285 4264 in
1323 4209 1502 4265 Gallia
1538 4209 1895 4264 meridionali.
2080 4212 2099 4245 ⁵
2138 4210 2351 4263 Schulte
2385 4209 2423 4263 l.
2461 4227 2508 4264 c.
2547 4228 2599 4280 p.
2641 4210 2760 4264 180.
2800 4227 2919 4279 sqq.

552 4303 574 4338 θ
611 4300 721 4356 cfr.
760 4301 852 4355 cit.
891 4301 1096 4354 bullam
1121 4298 1505 4370 publicationis
1536 4298 1700 4370 hujus
1726 4297 2089 4353 collectionis:
2130 4300 2533 4368 Sam-osannae,
2571 4298 2629 4352 in
2653 4300 2831 4353 fronte
2866 4298 3030 4370 hujus

370 4380 705 4435 collectionis
742 4381 991 4451 positam.

552 4463 572 4495 '¹
612 4462 825 4516 Schulte
859 4461 894 4514 l.
935 4479 980 4515 c.
1019 4480 1070 4531 p.
1114 4461 1232 4514 176.
1272 4478 1354 4529 sq.

553 4543 573 4577 ⁸
613 4542 769 4595 Sarti
785 4583 802 4611 ,
858 4541 939 4595 De
991 4540 1155 4595 claris
1204 4539 1631 4611 archigymnasii
1667 4538 2025 4593 Bononiensis
2076 4539 2472 4609 professoribus
2488 4580 2501 4603 ‚
2552 4541 2681 4592 tom.
2719 4539 2760 4592 Ι.
2800 4543 2939 4609 part.
2981 4541 3028 4595 1.

369 4640 420 4692 p.
461 4621 583 4674 234.
623 4636 773 4690 sqq.;
815 4623 1069 4691 Saviyny,
1099 4620 1305 4680 ‚Gesch.
1346 4621 1441 4674 des
1477 4627 1609 4673 rom.
1648 4619 1855 4673 Rechts
1891 4618 1967 4672 im
2002 4619 2351 4685 Mittelalter,
2387 4622 2517 4673 tom.
2555 4619 2622 4673 V.
2662 4637 2713 4689 p.
2747 4619 2870 4673 447.
2907 4638 3027 4689 sqq.

552 4702 574 4736 ⁹
613 4701 722 4756 cfr.
749 4701 824 4769 gl.
852 4702 921 4755 ad
947 4701 1036 4755 cit.
1063 4701 1269 4754 bullam
1306 4698 1690 4771 publicationis
1716 4700 2118 4768 Sacro-sanctae,
2155 4718 2209 4753 v.
2248 4702 2527 4752 senarium
2563 4702 2620 4752 et
2654 4716 2708 4753 v.
2738 4702 3025 4767 perfectas,

531 4781 574 4815 ¹⁰
620 4781 782 4835 Liber
837 4782 877 4835 I.
943 4781 1112 4836 habet
1172 4780 1283 4834 titt.
1334 4778 1410 4833 ’22
1475 4783 1532 4834 et
1589 4797 1743 4850 capp.
1812 4779 1949 4843 134;
2013 4778 2105 4833 lib.
2162 4780 2229 4833 Π.
2291 4778 2403 4833 titt.
2463 4780 2529 4832 15
2594 4782 2651 4832 et
2713 4797 2867 4850 capp.
2923 4782 3026 4844 473

474 4878 718 4926 Laurin,
753 4881 931 4927 Corpus
953 4879 1047 4927 jur.
1075 4888 1174 4917 can.
2549 4872 2611 4920 12
