3355 5328
1363 326 1541 396 Caput
1576 327 1671 381 VI.
1722 327 1755 394 ξ
1794 327 1878 381 30.
2886 322 2955 375 47

475 488 834 553 Praeterea
888 491 1109 553 autem
1170 489 1371 556 etiam
1417 489 1818 571 Theologiae
1877 487 2180 571 magistri
2239 485 2306 550 in
2352 480 2747 548 Bononiensi
2795 478 2958 546 Uni-

296 585 619 650 versitate
683 586 966 650 Decreto
1035 586 1419 669 explicando
1486 608 1756 671 operam
1818 586 2277 670 impenderunt
2308 582 2348 647 ¹.
2450 579 2629 656 Quae
2700 578 2960 660 quidem

297 704 501 767 opera
547 704 773 748 eorum
819 686 962 748 tum
1009 687 1150 749 viva
1197 706 1357 768 voce,
1406 688 1549 750 tum
1597 688 1841 751 calamo
1887 683 2349 768 peragebatur.

476 781 569 847 Et
615 781 876 862 quidem
925 772 1131 864 opera'
1172 802 1399 847 eorum
1446 783 1664 861 oralia
1716 781 2136 866 explicationi
2183 776 2449 844 Decreti
2494 775 2808 858 impensa,
2864 774 2962 840 uti

299 879 642 944 doctorum
680 878 848 962 juris
895 878 1105 944 civilis
1149 880 1659 946 Bononiensium
1705 880 1774 945 in
1820 877 2222 963 exponendis
2269 872 2756 941 collectionibus
2795 871 2962 955 juris

299 976 510 1041 civilis
568 976 822 1041 romani
867 977 911 1042 J
912 976 1263 1042 ustinianei
1324 979 1647 1043 collocata
1708 998 1910 1061 opera
1935 973 1979 1055 ²,
2044 974 2389 1042 constabat
2448 971 2721 1055 publicis
2775 993 2960 1055 prae-

298 1075 664 1140 lectionibus
711 1078 798 1151 et,
849 1095 1018 1157 quae
1064 1095 1211 1139 cum
1248 1075 1350 1139 his
1397 1079 1580 1142 arcte
1628 1076 2090 1151 cohaerebant,
2138 1070 2610 1158 repetitionibus
2642 1071 2710 1147 et
2743 1070 2961 1153 dispu-

300 1172 664 1238 tationibuS.

479 1270 570 1335 Et
615 1269 786 1351 quod
831 1268 1112 1353 primum
1144 1270 1385 1336 attinet
1425 1270 1720 1355 publicas
1755 1273 2229 1355 praelectiones,
2280 1266 2436 1331 dicti
2482 1264 2783 1346 magistri
2829 1263 2962 1347 pri-

300 1389 481 1432 mum
546 1368 1001 1450 proponebant
1067 1367 1468 1433 succinctum
1533 1372 1955 1452 conspectum
2015 1388 2132 1432 seu
2191 1387 2504 1432 summam
2568 1360 2965 1446 explanandi

300 1468 532 1530 textus
579 1464 874 1545 (literae)
892 1514 909 1543 ,
974 1468 1117 1530 tum
1174 1466 1346 1530 hunc
1391 1469 1650 1533 textum
1699 1465 2015 1545 (literam)
2063 1463 2433 1530 recitabant
2450 1512 2464 1539 ,
2519 1461 2617 1526 ita
2660 1464 2736 1525 ut
2782 1461 2964 1525 audi-

302 1567 504 1640 toreS,
556 1563 664 1644 qui
713 1563 1052 1646 exemplar
1096 1563 1365 1630 Decreti
1411 1585 1541 1629 non
1586 1564 1921 1629 habebant
1939 1613 1953 1641 ,
2006 1563 2285 1627 eundem
2329 1563 2591 1625 textum
2637 1558 2758 1623 sibi
2805 1559 2963 1624 scri-

299 1662 459 1726 bere
505 1664 793 1743 possent.
887 1660 1131 1726 Postea
1179 1662 1578 1727 exhibebant
1637 1665 1907 1747 speciale
1963 1661 2206 1743 factum
2266 1679 2384 1724 seu
2430 1679 2679 1739 casum,
2741 1657 2810 1721 in
2853 1657 2966 1721 illo

301 1762 500 1824 textu
545 1762 926 1823 tractatum.
1021 1759 1273 1824 Deinde
1332 1760 1504 1824 hunc
1568 1762 1830 1825 textum
1890 1780 2009 1842 per
2068 1757 2328 1839 singula
2387 1755 2806 1838 explicabant
2851 1775 2968 1820 seu

303 1856 588 1942 leqebaut
608 1853 652 1922 ³.
746 1855 913 1920 Tum
966 1856 1493 1924 determinabant
1534 1860 1861 1943 qenerales
1906 1878 2165 1922 normas
2212 1857 2424 1940 juris,
2490 1853 2557 1917 in
2617 1853 2728 1918 illo
2775 1857 2967 1918 textu

303 1954 831 2037 comprehensaS,
883 1974 1050 2035 quae
1098 1954 1485 2021 dicebantur
1515 1957 1857 2020 Broearda
1887 1955 1996 2019 vel
2028 1955 2447 2035 Brocardica,
2496 1952 2741 2033 absque
2775 1950 2966 2015 dubio

301 2052 661 2117 secundum
707 2052 1119 2117 Broeardum
1168 2053 1692 2133 (Burehardum)
1739 2054 2257 2117 Wormatieusem
2283 2050 2327 2116 ⁴.

484 2149 809 2232 Deinceps
869 2152 1028 2214 locos
1064 2153 1414 2235 parallelos
1461 2151 1861 2236 (alleqorias)
1908 2149 2316 2225 indicabant,
2380 2151 2579 2229 atque
2627 2146 2826 2212 etiam
2873 2148 2969 2212 lo-

305 2268 454 2324 cos,
519 2246 626 2328 qui
674 2249 984 2311 contrarii
1031 2267 1176 2311 esse
1222 2246 1650 2325 videbantur,
1716 2248 2129 2313 adducebant
2176 2244 2606 2327 (differentias
2652 2265 2769 2309 seu
2817 2266 2970 2309 con-

302 2344 691 2410 trarietates
738 2344 1062 2409 notabant
1107 2365 1225 2409 seu
1272 2345 1727 2427 assignabant)
1762 2348 1827 2410 et
1860 2344 2030 2409 hanc
2061 2343 2602 2409 contrarietatem
2647 2341 2967 2408 institutis

303 2462 505 2525 super
551 2462 631 2506 ea
663 2440 1152 2522 quaestionibus
1184 2443 1441 2508 solvere
1472 2444 1872 2524 satagebant
1903 2441 2321 2523 (solutionem
2359 2439 2630 2521 dabant)
2653 2438 2697 2503 5.
2761 2439 2966 2505 Porro

304 2539 397 2603 ad
427 2538 854 2604 declarandas
886 2542 956 2603 et
986 2538 1408 2622 applicandas
1439 2539 1780 2624 praefatas
1812 2539 2155 2622 generales
2180 2537 2346 2622 juris
2371 2537 2635 2602 normas
2660 2535 2966 2617 (Brocar-

305 2635 483 2718 dica)
516 2635 679 2702 alios
711 2636 912 2703 etiam
945 2656 1153 2714 casus,
1188 2636 1328 2702 sive
1359 2659 1573 2716 verOS,
1622 2636 1764 2704 sive
1803 2638 1883 2704 ab
1926 2637 2086 2721 ipsis
2119 2637 2446 2713 confictos,
2480 2635 2963 2720 proponebant3

306 2734 423 2817 qui
469 2755 678 2811 casuS,
729 2734 989 2816 quando
1038 2755 1074 2800 e
1124 2735 1186 2801 S.
1239 2736 1577 2819 Scriptura
1621 2736 1843 2802 hausti
1891 2740 2102 2812 erant,
2154 2735 2537 2800 dicebantur
2569 2734 2896 2798 Historiae
2920 2732 2964 2798 ⁶.

489 2831 836 2914 Expositio
883 2835 1110 2897 textus
1153 2832 1427 2917 alicujus
1458 2833 1627 2913 libri,
1676 2856 1718 2900 a
1763 2834 2082 2917 magistro
2128 2833 2197 2898 in
2243 2833 2466 2898 schola
2511 2830 2967 2916 praelectioni-

308 2932 435 2995 bus
482 2929 797 3007 exhibita,
847 2929 1186 2995 dicebatur
1232 2934 1472 2997 lectura
1500 2930 1542 2998 ⁷.
2057 2994 2065 3004 .

491 3026 873 3092 Notandum
920 3031 1142 3092 autem
1172 3028 1296 3093 hac
1344 3029 1686 3095 occasione
1720 3034 1840 3107 est,
1889 3029 2244 3111 magistros
2273 3026 2720 3092 Bononienses
2754 3027 2833 3092 de
2865 3048 2969 3092 re-

303 3125 470 3207 gula
515 3125 690 3190 solas
738 3125 1200 3203 auctoritateS,
1274 3147 1315 3191 a
1363 3127 1679 3193 Gratiano
1724 3127 1794 3191 in
1838 3128 2193 3191 Decretum
2238 3126 2484 3190 relatas
2503 3176 2517 3203 ,
2579 3125 2700 3189 has
2745 3128 2970 3190 tamen

304 3243 446 3288 una
491 3243 639 3286 cum
685 3243 911 3287 earum
957 3226 1329 3288 summariis
1376 3225 1713 3305 (rubricis)
1759 3224 1826 3289 in
1873 3223 2111 3288 scholis
2157 3223 2398 3305 legisse
2425 3221 2469 3300 ⁸,
2531 3224 2766 3287 Paleas
2811 3243 2969 3287 vero

498 3367 516 3398 ¹
556 3364 785 3430 Schulte,
822 3361 923 3416 Die
960 3362 1135 3417 Lehre
1172 3382 1280 3416 von
1318 3365 1422 3418 den
1460 3364 1686 3429 Quellen
1725 3363 1819 3417 des
1856 3362 2063 3416 kathol.
2102 3361 2540 3423 KirchenrechtS,
2578 3378 2628 3429 p.
2670 3361 2789 3414 327.

497 3442 517 3475 ²
556 3442 664 3495 Gfr.
703 3441 845 3495 infra
883 3443 1110 3512 append.
1150 3461 1269 3513 cap.
1309 3444 1358 3497 3.
1397 3447 1498 3497 art.
1534 3445 1583 3495 2.
1881 3434 1888 3441 ⁸

496 3524 517 3557 ³
554 3522 705 3575 Vox:
746 3524 913 3589 leqere
949 3523 1093 3592 apud
1129 3522 1382 3591 antiquos
1418 3523 1560 3576 idem
1597 3522 1873 3589 significat
1909 3540 2002 3575 ac:
2049 3529 2292 3575 oretenus
2329 3536 2589 3588 exponere
2596 3539 2618 3585 ,·
2654 3520 2795 3572 unde
2831 3538 2969 3574 vox:

309 3606 521 3655 lectura
567 3601 958 3671 expositionem
1009 3606 1260 3656 oretenus
1296 3603 1499 3656 factam
1520 3644 1532 3666 ,
1585 3606 1641 3655 et
1680 3600 1870 3655 deinde
1922 3601 2088 3655 etiam
2126 3599 2517 3670 expositionem
2570 3617 2667 3652 seu
2705 3618 2968 3654 commen-

306 3682 518 3737 tarium
554 3682 854 3750 generatim
894 3682 1178 3749 designare
1229 3681 1526 3735 consuevit.
1603 3680 1712 3735 cfr.
1754 3684 1991 3748 Saviyny
2005 3723 2019 3750 ‚
2074 3680 2399 3735 Geschichte
2451 3681 2546 3733 des
2596 3687 2728 3733 rom.
2767 3681 2971 3736 Rechts

308 3764 394 3816 im
429 3762 767 3824 Mittelalter,
805 3765 934 3815 tom.
973 3762 1067 3815 ΙΙΙ.
1107 3780 1157 3831 p.
1198 3762 1319 3815 539.

496 3842 521 3878 4
559 3842 712 3894 Sarti
724 3882 740 3909 ,
791 3841 872 3895 De
923 3840 1086 3894 claris
1135 3840 1560 3910 archigymnasii
1598 3840 1955 3895 Bononiensis
2005 3840 2399 3911 professoribus
2415 3881 2428 3903 ,
2478 3843 2607 3894 tom.
2647 3840 2688 3893 Ι.
2741 3845 2879 3910 part.
2925 3844 2970 3895 1.

311 3940 372 3991 p.
413 3921 533 3975 306.
572 3920 605 3987 ξ
641 3921 714 3984 3.;
755 3922 993 3989 Saviyny
1029 3921 1064 3974 1.
1105 3938 1150 3975 c.
1189 3939 1240 3990 p.
1281 3920 1401 3973 552.
1442 3924 1499 3975 et
1536 3939 1588 3991 p.
1631 3922 1949 3976 567.-570.

501 4002 522 4036 ⁶
562 4002 714 4054 Sarti
749 4001 784 4054 1.
825 4018 870 4054 c.
909 4003 1038 4054 tom.
1076 4001 1116 4053 I.
1156 4003 1295 4069 part.
1339 4000 1384 4054 l.
1423 4019 1474 4070 p.
1515 4001 1667 4066 339.;
1710 4003 1947 4069 Saviqny
1982 4002 2017 4056 l.
2058 4020 2103 4055 c.
2143 4019 2193 4071 p.
2234 4002 2354 4054 539.
2394 4017 2540 4069 sqq.;
2601 4003 2813 4055 Schulte
2849 4003 2883 4056 l.
2925 4021 2970 4056 c.

312 4085 448 4134 tom.
488 4081 529 4134 I.
568 4099 618 4151 p.
660 4080 780 4133 212.
820 4097 939 4148 sqq.

501 4162 523 4195 ⁶
560 4162 827 4228 Maassen,
866 4159 1222 4229 Paucapalea,
1260 4160 1318 4213 in
1355 4160 1470 4214 citt.
1510 4160 1693 4215 relatt.
1730 4178 1864 4215 sess.
1903 4164 2031 4215 tom.
2070 4161 2266 4214 XXXI.
2306 4179 2357 4230 p.
2395 4161 2548 4224 491.;
2607 4164 2834 4230 Schiche,
2873 4163 2972 4216 Die

315 4240 517 4296 Glosse
554 4257 676 4292 zum
711 4239 911 4293 Decret
948 4239 1220 4303 Gratiam,
1258 4240 1315 4293 in
1352 4240 1468 4294 citt.
1507 4240 1720 4310 scriptt.
1759 4240 2109 4295 memorabill.
2147 4244 2276 4295 tom.
2316 4241 2460 4295 XXI.
2499 4245 2636 4311 part.
2677 4242 2725 4295 2.
2765 4260 2815 4311 p.
2856 4244 2972 4307 84.;

316 4322 486 4388 Ideni,
524 4318 625 4372 Die
664 4319 993 4374 Geschichte
1032 4319 1127 4373 der
1165 4318 1407 4383 Quellen,
1445 4324 1573 4374 tom.
1612 4321 1654 4374 I.
1695 4339 1745 4390 p.
1789 4322 1904 4374 113.

504 4402 523 4434 '¹
562 4400 801 4467 Saviqny
837 4399 872 4452 l.
913 4417 958 4452 c.
997 4417 1048 4469 p.
1089 4399 1241 4464 539.;
1280 4418 1436 4469 porro
1476 4401 1572 4454 cfr.
1613 4418 1778 4471 supra
1814 4404 1923 4454 not.
1964 4402 2013 4455 3.

503 4480 524 4515 ⁸
561 4479 623 4533 Id
659 4481 896 4533 testatur
932 4481 1166 4546 Rufinus
1200 4480 1257 4533 in
1295 4498 1395 4533 sua
1433 4482 1656 4533 Summa
1694 4480 1912 4535 Decreti
1953 4480 2045 4549 (ad
2082 4499 2128 4536 c.
2171 4483 2218 4535 1.
2256 4482 2321 4535 D.
2359 4481 2426 4549 Ι.)
2449 4524 2461 4544 ,
2514 4481 2727 4536 dicens:
2786 4483 2973 4548 „Nota,

317 4559 465 4628 quod
502 4558 578 4612 M.
611 4559 861 4626 (agister)
894 4558 958 4613 G.
992 4559 1280 4627 (tatianus)
1324 4560 1451 4614 huic
1487 4560 1742 4631 capitu10,
1779 4560 1923 4614 sicut
1959 4561 2182 4616 cuilibet
2217 4561 2482 4630 sequenti,
2518 4561 2790 4616 rubricam
2823 4581 2974 4633 prae·

316 4638 528 4703 scribit,
569 4656 677 4707 qua
714 4638 1018 4693 continetur
1055 4657 1265 4693 summa
1304 4640 1531 4710 capituli
1568 4640 1847 4708 sequentis
1883 4641 1972 4694 vel
2012 4641 2218 4710 aliquid
2233 4684 2246 4706 ,
2304 4642 2446 4709 quod
2481 4642 2538 4695 in
2576 4660 2638 4695 eo
2677 4646 2763 4697 est
2799 4645 2976 4698 excel·

316 4718 540 4773 lentius.
591 4718 872 4785 Leguntur
909 4723 1091 4772 autem
1116 4719 1380 4783 rubricae,
1419 4720 1669 4788 quamvis
1706 4738 1812 4774 non
1848 4720 1960 4774 sint
1996 4722 2061 4774 de
2099 4720 2439 4785 auctoritate,
2478 4722 2604 4790 quia
2642 4725 2976 4790 quorundam

319 4799 685 4870 capitulorum
723 4816 884 4852 casus
923 4840 936 4852 .
977 4841 989 4853 .
1031 4840 1043 4853 .
1083 4817 1154 4852 ex
1189 4798 1421 4853 rubricis
1458 4800 1886 4867 intelliguntur.“
1972 4799 2155 4870 (Apud
2193 4803 2442 4855 Maassen
2480 4802 2516 4856 l.
2556 4821 2601 4857 c.
2640 4821 2691 4873 p.
2730 4804 2877 4872 485.)
