3355 5328
1035 1078 2153 1320 PROLEGOMENA.

547 1434 901 1522 Definitio
953 1438 1536 1524 introductionis
1565 1436 1665 1555 ‘in
1721 1437 2008 1547 Corpus
2051 1436 2256 1550 juris
2311 1438 2652 1524 canonici

1159 1569 1234 1653 et
1285 1568 1596 1677 partitio
1648 1569 2041 1654 materiae.

1428 1934 1466 2019 ξ
1514 1932 1562 2001 1.
1653 1935 1800 2003 JuS.

451 2102 495 2168 J
497 2124 573 2167 us
620 2102 935 2187 accipitur
980 2104 1340 2187 subjective
1385 2108 1454 2170 et
1499 2104 1841 2188 objective.
1918 2105 2047 2170 Sub
2088 2106 2237 2189 jure
2281 2108 2610 2190 subjective
2646 2110 2914 2191 accepto

270 2200 665 2283 intelligitur

463 2302 520 2365 1.
581 2302 776 2365 unica
834 2301 1100 2366 moralis
1160 2300 1445 2366 facultas
1505 2300 1785 2365 hominis
1845 2301 2088 2383 aliquid
2149 2302 2385 2412 agendi
2430 2302 2539 2366 vel
2580 2302 2923 2367 omittendi

274 2400 476 2479 atque
523 2398 606 2462 ab
654 2397 800 2462 aliis
844 2398 1211 2463 hominibus
1261 2398 1491 2463 stricte
1536 2398 1980 2481 postulandi¹‚
2046 2403 2121 2464 ut
2165 2399 2368 2482 ipsius
2416 2399 2634 2480 gratia
2680 2399 2925 2481 aliquid

279 2495 622 2604 omittant,
684 2495 824 2573 vel,
890 2517 1008 2579 pro
1055 2518 1127 2561 re
1173 2499 1366 2575 nata,
1416 2495 1617 2561 etiam
1664 2499 1887 2577 agant
1982 2496 2120 2573 Quo
2167 2518 2362 2561 sensu
2410 2496 2645 2562 dicitur
2691 2496 2925 2579 aliquis

280 2613 343 2656 v.
391 2613 453 2674 g.
501 2592 598 2657 uti
638 2593 786 2676 jure
834 2614 971 2673 su0,
1020 2594 1128 2659 vel
1173 2594 1436 2659 laedere
1476 2594 1584 2677 jus
1631 2594 1923 2660 alterius,

455 2691 658 2756 Porro
706 2693 824 2757 sub
864 2693 1011 2775 jure
1059 2693 1420 2776 subjective
1468 2696 1740 2776 accepto
1787 2692 2177 2775 intelligitur

456 2791 515 2855 2.
551 2789 751 2855 etiam
770 2794 1122 2876 complemus
1143 2790 1511 2874 hujusmodi
1534 2790 1877 2856 moralium
1901 2791 2293 2856 facultatum
2316 2790 2592 2856 hominis
2617 2790 2925 2875 (sphaera

265 2886 434 2969 juris
479 2886 806 2971 hominis).

456 2985 588 3050 Sub
627 2987 776 3069 jure
821 2987 1109 3071 objective
1154 2990 1425 3070 accepto
1473 2986 1863 3068 intelligitur

460 3086 517 3151 1.
578 3088 773 3150 unica
830 3106 1060 3150 norma
1083 3135 1098 3164 ,
1166 3107 1335 3167 quae
1388 3086 1496 3168 jus
1556 3084 1918 3168 subjective
1979 3088 2320 3168 acceptum
2343 3135 2358 3162 ‚
2432 3106 2547 3149 seu
2608 3085 2924 3150 moralem

274 3180 663 3247 facultatem
722 3182 999 3247 hominis
1060 3182 1306 3264 aliquid
1370 3183 1608 3264 agendi
1665 3183 1777 3246 vel
1837 3182 2180 3248 omittendi
2242 3187 2440 3265 atque
2486 3183 2569 3247 ab
2616 3183 2761 3247 aliis
2807 3183 2925 3248 ho-

273 3279 557 3344 minibus
603 3280 832 3346 stricte
877 3280 1272 3364 postulandi,
1322 3285 1397 3346 ut
1442 3281 1645 3365 ipsius
1693 3280 1912 3361 gratia
1958 3280 2203 3362 aliquid
2252 3280 2581 3358 omittant,
2629 3281 2756 3358 vel,
2804 3302 2924 3364 pro

273 3397 347 3442 re
393 3382 582 3456 nata,
633 3378 833 3443 etiam
880 3382 1116 3460 agant,
1167 3378 1435 3457 statuit,
1499 3400 1614 3444 seu
1660 3400 1893 3443 norma
1931 3377 2098 3461 juris
2145 3377 2650 3462 (Rechtsnorm).
2746 3377 2924 3455 Quae

274 3496 538 3554 norma,
601 3497 798 3558 quum
857 3477 1101 3590 scripto
1150 3481 1443 3554 constat,
1493 3477 1863 3561 appellatur
1908 3479 2071 3541 lex.
2028 3474 2053 3514 ²
2166 3475 2303 3552 Quo
2363 3497 2558 3540 sensu
2603 3476 2927 3558 loquimur

275 3595 337 3638 v.
387 3595 451 3656 g.
504 3526 583 3638 (le
628 3574 1003 3655 ignorantia
1034 3578 1216 3660 juris·
1261 3575 1327 3639 in
1376 3575 1782 3658 oppositione
1830 3575 1914 3639 ad
1959 3573 2398 3655 ignorantiam
2439 3575 2619 3657 facti.

453 3671 810 3737 Praeterea

455 3773 515 3835 2.
579 3769 778 3835 etiam
825 3774 1177 3856 complemus
1235 3769 1601 3853 hujusmodi
1646 3791 2023 3835 normarum
2076 3769 2184 3852 jus
2232 3769 2469 3834 dicitur
2488 3766 2536 3835 ³.
2631 3768 2771 3846 Qua
2815 3790 2925 3834 ra-

271 3867 451 3932 tione
497 3867 823 3949 loquimur
881 3890 944 3934 v.
994 3890 1057 3951 g.
1109 3869 1187 3933 de
1236 3871 1392 3953 jure
1438 3870 1764 3932 criminali
1810 3888 1925 3931 seu
1961 3870 2257 3951 poenali,
2313 3867 2757 3947 intelligentes
2804 3868 2923 3932 sub

275 3987 351 4030 eo
413 3965 826 4050 complexum
884 3988 1261 4031 normarum
1284 4015 1299 4044 ,
1364 3985 1531 4047 quae
1592 3965 1676 4030 ad
1729 3964 2082 4048 judicanda
2142 3968 2210 4030 et
2268 3964 2593 4048 punienda
2653 3964 2925 4029 crimina

274 4067 599 4148 spectant.
661 4064 830 4129 Item
877 4064 956 4129 de
988 4067 1142 4149 jure
1191 4066 1614 4146 ecclesiastice,
1664 4066 1733 4128 et
1777 4061 2201 4143 intelligimus
2248 4063 2368 4127 sub
2401 4084 2477 4127 eo
2509 4062 2921 4145 complexum

273 4182 670 4238 normarum,
719 4161 951 4243 quibus
996 4161 1331 4227 Ecclesiae
1371 4161 1498 4244 juS,
1546 4159 1908 4243 subjective
1956 4163 2315 4243 acceptum,
2365 4159 2682 4225 statuitur
2708 4161 2754 4225 ⁴.

455 4338 475 4372 ¹
513 4338 555 4390 Ι.
595 4356 640 4391 6.
679 4337 756 4391 ita
774 4380 786 4402 ‚
823 4341 901 4402 ut,
939 4337 987 4391 si
1023 4337 1079 4391 id
1116 4340 1307 4407 sponte
1344 4339 1623 4407 praestare
1658 4335 1861 4400 nolint,
1900 4335 1969 4388 ad
2004 4333 2058 4387 id
2097 4333 2481 4403 praestandum
2517 4350 2549 4385 a
2588 4336 2924 4403 competente

272 4417 601 4485 magistratu
638 4418 822 4486 urgeri
858 4418 1083 4488 possint.

455 4499 475 4531 ²
520 4498 666 4564 „Lex
702 4502 787 4553 est
823 4497 1136 4553 constitutio
1174 4497 1424 4567 scripta.“
1509 4496 1590 4564 (C.
1630 4496 1681 4549 3.
1733 4495 1797 4548 D.
1836 4495 1903 4561 Ι.)

454 4580 476 4614 ⁸
515 4581 759 4647 Schenkl,
784 4578 1161 4633 Institutiones
1180 4577 1286 4648 jur.
1314 4576 1462 4642 eccl„
1489 4577 1572 4629 ed.
1598 4576 1693 4629 XI.
1739 4574 1946 4628 Ratisb.
1977 4574 2132 4637 1853,
2156 4576 2285 4626 tom.
2313 4574 2352 4625 Ι.
2380 4573 2413 4638 ἓ
2439 4573 2523 4626 36.
2549 4576 2659 4626 not.
2685 4574 2730 4626 1.
2758 4591 2808 4643 p.
2837 4575 2922 4629 58.

452 4661 476 4694 ⁴
513 4659 681 4713 Porro
717 4659 841 4713 illas
877 4658 1068 4712 harum
1094 4674 1419 4720 normarum,
1459 4673 1597 4725 quae
1629 4658 1874 4709 mutuam
1899 4653 2215 4707 relationem
2249 4652 2391 4706 inter
2416 4652 2729 4722 Superiores
2755 4653 2922 4707 eccle-

275 4738 527 4793 siasticos
565 4742 622 4793 et
657 4757 842 4793 eorum
878 4739 1123 4793 subditos
1162 4736 1525 4792 determinant
1541 4778 1553 4800 ,
1592 4734 1754 4788 simul
1793 4736 2040 4803 sumptas
2065 4735 2163 4799 jus
2200 4734 2601 4785 ecclesiasticum
2626 4735 2922 4802 publicum,

277 4822 334 4873 et
369 4819 586 4888 quidem
611 4823 900 4889 internum,
938 4820 1063 4873 illas
1088 4822 1289 4884 autem,
1328 4835 1468 4887 quae
1504 4818 1750 4869 mutuam
1774 4813 2090 4868 relationem
2103 4812 2451 4897 ‘subditorum
2475 4812 2755 4867 Ecclesiae
2780 4813 2922 4868 inter

381 4917 616 4961 Lunx-in,
653 4915 830 4964 corpus
853 4916 948 4962 jur.
975 4926 1073 4956 can.
2479 4907 2503 4952 1
