3355 5328
344 266 451 321 264
945 268 1249 339 Appendix.
1325 268 1657 323 Introductio
1695 269 1753 322 in
1791 269 1946 339 Corp.
1980 269 2086 340 jur.
2127 269 2231 323 civ.
2269 289 2401 324 rom.

520 428 725 493 Porro
775 429 1012 494 exinde
1058 428 1483 495 manifestum
1531 432 1667 506 est,
1719 432 1900 495 certe
1947 430 2123 495 haud
2169 429 2383 495 minus
2429 430 2542 508 illi,
2594 432 2704 513 qui
2749 435 3018 516 plenam

341 529 410 591 et
456 526 735 591 solidam
774 527 942 610 juris
990 527 1286 593 canonici
1334 527 1775 609 cognitionem
1823 528 2086 609 assequi
2132 528 2327 604 velit,
2377 531 2819 595 necessariam
2867 552 3017 596 esse

340 625 628 707 amplam
676 628 743 690 et
788 627 1045 690 firmam
1085 625 1251 709 juris
1300 625 1510 691 civilis
1556 624 1812 690 romani
1858 625 2183 691 notitiam.
2279 626 2355 691 Id
2402 627 2573 708 quod
2619 627 2820 693 etiam
2865 630 3016 712 plu-

337 721 649 787 rimorum
682 723 975 788 virorum
1007 723 1428 802 eruditorum,
1480 727 1548 789 et
1578 723 1753 788 inter
1791 724 1912 789 hos
1946 723 2148 790 61316111
2177 725 2399 808 Papae
2431 726 2764 824 Benedicti
2797 726 3015 812 XIV„

334 820 731 886 testimoniis
779 820 1315 905 comprobatur&

518 926 693 992 Olim
741 928 1000 1010 quidem
1045 928 1293 993 Summi
1329 929 1684 994 Pontifices
1732 929 2119 1011 quandoque
2165 929 2328 994 viris
2372 930 2718 1011 religiosis,
2769 932 3013 996 solem-

335 1024 510 1090 niter
554 1025 911 1110 professiS,
976 1030 1177 1108 atque
1225 1026 1478 1091 clericis
1497 1077 1510 1103 ‚
1577 1026 1646 1091 in
1708 1027 1933 1092 ordine
1980 1027 2481 1111 presbyteratus
2527 1029 2636 1093 vel
2681 1028 2749 1093 in
2803 1031 3017 1095 eccle-

335 1122 603 1189 siastica
651 1124 996 1206 dignitate,
1044 1129 1403 1208 personatu
1451 1125 1559 1190 vel
1607 1125 1822 1190 officio
1862 1125 2258 1204 constitutis,
2309 1127 2418 1190 vel
2464 1127 2848 1191 beneficium
2896 1149 3014 1192 cu-

333 1226 556 1288 ratum
618 1244 732 1287 seu
781 1222 1159 1306 parochiale
1222 1223 1617 1289 habentibus
1636 1273 1650 1300 ‚
1715 1222 2102 1288 nominatim
2150 1222 2658 1302 616111ᾶ16601116,
2724 1225 3011 1303 (16661116,

332 1319 631 1402 plebanis
659 1321 701 1399 ²³,
750 1320 1147 1407 praepositis
1197 1324 1265 1386 et
1312 1321 1691 1386 cantoribus
1736 1322 1858 1385 sub
1905 1342 2116 1404 poena
2166 1321 2860 1388 excommunicationis
2907 1322 3014 1387 in-

215 1485 222 1495 ,
333 1418 756 1484 terdixerunt
773 1469 787 1496 ‚
852 1440 935 1483 ne
982 1419 1218 1484 studiis
1258 1419 1425 1502 juris
1474 1419 1685 1484 civilis
1731 1419 1986 1484 romani
2031 1420 2141 1484 vel
2188 1419 2352 1484 artis
2399 1419 2761 1485 medicinae
2809 1418 3010 1504 (phy-

336 1515 540 1600 sicae)
589 1517 657 1581 in
705 1518 1270 1584 Universitatibus
1317 1539 1433 1583 seu
1483 1518 1730 1584 Studiis
1777 1519 2193 1600 generalibus
2239 1521 2558 1584 vacarent
2585 1517 2627 1585 ⁸.

516 1615 836 1681 Attamen
882 1617 1005 1681 hoc
1049 1616 1401 1681 interdicto
1449 1616 1770 1700 praefatis
1811 1617 1972 1681 viris
2018 1616 2481 1682 ecclesiasticis
2527 1617 2815 1682 studium
2839 1617 3012 1700 juris

334 1711 545 1777 civilis
593 1714 848 1779 romani
895 1736 1025 1780 non
1092 1715 1420 1792 absolute,
1487 1716 1603 1779 sed
1651 1715 2055 1780 solummodo
2102 1715 2171 1779 in
2216 1715 2778 1781 Universitatibus
2798 1766 2812 1793 ‚
2879 1715 3012 1781 nisi

336 1832 465 1892 qua
512 1811 931 1879 Universitas
991 1813 1362 1897 hujusmodi
1424 1813 1711 1896 speciale
1771 1813 2188 1897 privilegium
2236 1813 2640 1896 pontificium
2686 1814 2932 1878 habeat
2959 1813 3007 1891 ⁴,

515 2043 534 2077 ¹
571 2042 657 2094 Ita
694 2060 748 2095 v.
787 2060 840 2109 g.
881 2043 1144 2095 Melchior
1185 2044 1385 2111 Canus,
1424 2041 1487 2095 O.
1527 2041 1580 2095 S.
1618 2042 1704 2107 D.‚
1743 2042 1977 2112 primum
2014 2041 2343 2109 Theologiae
2380 2042 2437 2096 in
2478 2043 2848 2098 Universitate
2887 2043 3005 2098 Sal-

330 2120 654 2175 manticensi
690 2122 965 2190 professor
980 2165 993 2187 ‚
1046 2126 1161 2175 tum
1212 2121 1513 2175 insularum
1554 2122 1964 2175 Canariensium
2002 2121 2286 2191 episcopus
2331 2121 2385 2190 (†
2426 2122 2623 2191 1560),
2681 2122 2775 2191 qui
2810 2123 2868 2176 in
2906 2141 3006 2177 suo

328 2219 519 2271 opere:
571 2201 702 2254 Loci
738 2201 1065 2269 theologici,
1116 2202 1208 2255 lib.
1249 2202 1315 2255 X.
1369 2220 1486 2272 cap.
1528 2202 1595 2265 8.,
1634 2202 1772 2271 Opp.
1813 2203 1895 2255 ed.
1935 2203 2128 2256 Patav.
2174 2202 2342 2266 1762,
2391 2221 2442 2272 p.
2482 2204 2603 2257 250.
2643 2220 2743 2270 sq„
2782 2203 2884 2257 hoc
2921 2221 3006 2257 re-

332 2284 526 2352 spectu
562 2284 830 2335 memorat
867 2282 1032 2336 etiam
1071 2282 1361 2349 vulgatum
1399 2300 1462 2334 eo
1487 2284 1731 2351 tempore
1757 2282 1903 2351 apud
1928 2282 2097 2335 Italos
2133 2282 2497 2351 proverbium,
2536 2283 2831 2336 secundum
2858 2284 3007 2351 quod

323 2360 465 2431 juris
504 2360 683 2415 civilis
720 2362 930 2415 romani
967 2362 1177 2432 peritus
1214 2362 1331 2416 sine
1364 2362 1486 2433 jure
1525 2362 1780 2416 canonico
1819 2363 2008 2416 valeat
2043 2380 2235 2432 parum
2251 2405 2264 2427 ‚
2311 2362 2453 2432 juris
2507 2363 2751 2417 canonici
2788 2364 3001 2418 assecla

329 2445 512 2495 autem
568 2442 686 2496 sine
739 2443 861 2512 jure
918 2442 1067 2496 civili
1118 2460 1338 2495 romano
1390 2443 1578 2496 valeat
1626 2442 1764 2495 nihil
1826 2442 1887 2510 (il
1937 2442 2138 2509 legista
2195 2459 2357 2496 senza
2411 2443 2645 2513 capitolo
2707 2442 2762 2511 [i.
2816 2461 2862 2497 e.
2918 2461 3005 2497 ca-

328 2521 488 2589 none]
526 2523 654 2575 17616
705 2541 866 2592 poco;
922 2541 1012 2576 ma
1062 2523 1103 2575 il
1155 2522 1439 2576 canonista
1490 2541 1653 2576 senza
1703 2522 1865 2589 legge
1905 2523 1959 2591 [i.
2000 2541 2045 2576 e.
2084 2523 2298 2589 legibus
2351 2522 2639 2587 civilibus3
2698 2524 2795 2577 cfr.
2836 2541 3004 2593 supra

327 2620 378 2673 p.
420 2601 493 2670 2.]
546 2603 671 2656 vale
707 2602 948 2670 niente);
1002 2621 1160 2674 porro
1199 2605 1536 2672 Auyustinus
1572 2605 1855 2673 Barbosa,
1913 2603 1981 2656 ad
2034 2621 2151 2673 cap.
2196 2604 2276 2657 10.
2317 2603 2382 2656 X.
2435 2603 2517 2656 Ne
2570 2604 2697 2657 cler.
2750 2604 2841 2656 vel
2891 2622 3001 2656 mo-

328 2682 484 2737 nach.
524 2684 620 2738 III.
660 2685 745 2738 50.
784 2703 836 2739 n.
878 2684 957 2749 3.,
997 2688 1054 2738 et
1090 2685 1310 2754 plurimi
1348 2684 1440 2737 alii
1479 2683 1679 2737 ibidem
1718 2684 1971 2750 allegati3
2031 2686 2301 2737 Gonzalez
2337 2687 2401 2736 de
2445 2687 2641 2753 Tenes,
2682 2684 2750 2737 ad
2788 2701 2906 2753 cap.
2949 2684 2997 2738 3.

329 2764 444 2817 eod.
484 2782 535 2817 n.
558 2765 637 2827 3.;
678 2767 792 2818 Jos.
835 2767 1078 2833 Pon-siue,
1119 2764 1400 2818 canonista
1437 2764 1611 2817 Italus
1648 2782 1791 2818 saec.
1819 2764 2037 2828 XVIII„
2075 2763 2132 2817 in
2170 2782 2267 2817 suo
2305 2783 2496 2834 opere:
2538 2765 2640 2818 Jus
2678 2764 2998 2818 canonicum

322 2844 485 2914 juxta
536 2843 782 2897 nativam
835 2845 954 2915 ejus
1004 2844 1230 2909 faciem,
1282 2845 1496 2912 Fulgin.
1541 2845 1709 2907 1794,
1765 2847 1895 2898 tom.
1935 2844 1975 2898 Ι.
2029 2862 2079 2913 p.
2119 2846 2205 2897 41.
2245 2861 2394 2913 sqq.;
2448 2863 2605 2914 porro
2644 2844 2795 2913 Papa
2832 2847 3002 2898 Bene-

327 2926 503 2977 dictus
538 2926 726 2993 XIV.,
778 2923 858 2978 De
897 2925 1087 2993 synod.
1128 2925 1325 2987 dioec,
1382 2926 1464 2979 ed.
1504 2925 1656 2978 Rom.
1701 2926 1863 2989 1755,
1903 2924 1994 2977 lib.
2035 2924 2180 2978 XIII.
2239 2942 2355 2994 cap.
2400 2925 2482 2978 10.
2520 2943 2571 2977 n.
2615 2925 2724 2989 12„
2776 2924 2870 2978 ubi
2908 2943 2999 2979 ex-

327 3022 516 3074 presse
554 3004 744 3068 edicit,
809 3007 952 3069 „tam
991 3008 1200 3058 arctam
1236 3009 1420 3059 nostro
1458 3005 1561 3058 1106
1596 3010 1841 3074 tempore
1879 3005 2023 3058 inter
2054 3005 2146 3075 jus
2184 3004 2500 3058 canonicum
2539 3007 2596 3058 et
2634 3004 2796 3058 civile
2833 3004 3000 3058 inter·

326 3085 520 3138 cedere
559 3085 947 3139 connexionem
1000 3104 1170 3154 eaque
1207 3086 1286 3140 ita
1323 3104 1444 3139 sese
1482 3089 1669 3140 mutuo
1710 3086 2000 3156 adjuvare,
2053 3087 2144 3149 ut,
2198 3085 2290 3152 qui
2329 3085 2529 3155 optime
2568 3084 2800 3154 primum
2836 3102 2999 3138 nosse

327 3164 529 3256 cupiat,
567 3165 793 3219 alterius
832 3166 1116 3220 scientiam
1154 3166 1258 3219 sibi
1296 3184 1607 3236 comparare
1644 3166 1891 3220 debeat&
1946 3167 2126 3233 Atque
2166 3183 2194 3218 e
2231 3165 2567 3234 temporibus
2604 3164 2998 3218 recentioribus

324 3245 412 3298 vir
450 3245 696 3299 eruditus
734 3265 978 3300 summae
1016 3247 1425 3310 aestimationiS‚
1465 3265 1627 3316 saepe
1664 3246 1924 3301 laudatus
1953 3248 2191 3314 Saviqny
2222 3245 2276 3313 (†
2306 3244 2491 3312 1861),
2531 3244 2858 3300 Geschichte
2900 3245 2997 3298 des

326 3332 459 3380 rom.
499 3326 704 3380 Rechts
741 3326 815 3380 im
856 3327 1207 3391 Mittelalter‚
1257 3330 1386 3381 tom.
1426 3327 1624 3417 1113p.
1665 3327 1816 3390 373„
1868 3326 2254 3380 necessitatem
2306 3325 2567 3379 scientiae
2612 3325 2751 3396 juris
2788 3324 2999 3378 romani

326 3424 423 3475 pro
462 3406 792 3475 acquirenda
831 3411 1089 3461 accurata
1134 3407 1273 3477 juris
1325 3406 1572 3461 canonici
1609 3370 1917 3474 cognitione
1955 3406 2276 3476 simpliciter
2325 3407 2588 3473 tanquam
2638 3422 2752 3458 rem
2802 3422 2899 3474 per
2936 3422 2997 3458 se

328 3486 637 3541 evidentem
674 3487 842 3557 ponit,
882 3488 1095 3542 dicens:
1143 3488 1254 3552 „Da
1293 3488 1429 3541 doch
1468 3488 1566 3541 das
1605 3486 1929 3541 canonische
1955 3486 2132 3540 Recht
2168 3486 2307 3540 ohne
2347 3487 2444 3539 das
2468 3485 2737 3538 romische
2772 3491 2995 3551 unmog-

328 3566 439 3620 lich
478 3586 545 3620 zu
582 3568 878 3621 verstehen
916 3568 1037 3622 ist.“

510 3649 530 3682 ²
569 3649 609 3700 Ι.
649 3666 694 3700 e.
734 3648 1002 3718 parochis,
1080 3648 1189 3701 cfr.
1230 3666 1275 3701 6.
1316 3648 1364 3701 3.
1403 3647 1470 3700 X.
1512 3648 1577 3700 de
1614 3647 1715 3700 vit.
1757 3650 1813 3700 et
1849 3645 2057 3701 honest.
2099 3648 2226 3700 cler.
2265 3647 2361 3700 ΙΠ.
2404 3647 2451 3700 1.

398 3720 403 3723 ⁴
510 3729 530 3762 ⁸
568 3728 653 3780 Ita
690 3728 825 3782 fecit
861 3727 1012 3798 Papa
1049 3729 1364 3781 Alemander
1402 3730 1508 3780 ΠΙ.
1564 3727 1621 3780 111
1674 3727 1880 3797 synode
1918 3727 2115 3780 Turon.
2169 3745 2215 3780 a.
2263 3727 2400 3790 1163
2453 3744 2570 3779 can.
2611 3727 2659 3780 8.
2705 3725 2912 3794 (Comp.
2951 3725 2992 3778 Ι.

327 3825 373 3861 6.
414 3808 463 3860 2.
502 3807 584 3860 Ν6
623 3808 749 3861 cler.
788 3808 879 3861 vel
917 3808 1159 3861 monach.
1188 3808 1281 3861 III.
1310 3806 1442 3874 37.)‚
1481 3810 1537 3861 et
1573 3808 1727 3877 Papa
1764 3809 2046 3860 Honorius
2072 3809 2178 3860 III.
2220 3806 2449 3876 epistola
2488 3806 2776 3859 decretali:
2818 3807 2994 3872 Super

325 3889 571 3956 specula,
625 3905 672 3941 a.
716 3888 854 3941 1219
911 3889 980 3941 ad
1017 3887 1395 3941 Patriarcham
1432 3887 1832 3941 Antiochenam
1883 3890 1941 3940 et
1991 3890 2200 3940 ceteros
2236 3887 2512 3956 praelatos
2563 3886 2725 3955 hujus
2762 3884 2994 3954 patriar-

327 3968 525 4021 chatus
564 3968 693 4022 data
736 3967 944 4038 (Comp.
984 3969 1050 4021 V.
1092 3986 1207 4037 cap.
1247 3986 1336 4020 un.
1378 3968 1492 4021 eod.
1532 3968 1625 4020 ΠΙ.
1666 3966 1776 4034 27.)
1799 4008 1811 4029 ,
1869 3970 2035 4034 atque
2072 3970 2196 4036 post
2233 3984 2324 4020 eos
2362 3967 2514 4035 Papa
2558 3969 2853 4034 Greyorius
2890 3966 2990 4017 IX.

329 4066 483 4118 capp.
524 4048 573 4102 3.
616 4049 699 4102 10.
740 4049 806 4101 X.
847 4049 959 4101 eod.
999 4049 1093 4101 ΠΙ.
1121 4050 1206 4102 50.
1247 4078 1314 4085 -
1355 4047 1508 4112 Quod
1545 4046 1894 4100 interdictum
1933 4047 2142 4100 ratione
2169 4049 2529 4115 plebanorum
2569 4046 2990 4113 (parochorum)

327 4129 582 4199 deinceps
634 4129 751 4199 ipse
802 4128 953 4198 Papa
997 4131 1294 4196 Greyorius
1332 4130 1464 4196 IX.,
1518 4131 1574 4181 et
1625 4130 1750 4197 post
1786 4145 1911 4181 eum
1961 4128 2113 4197 Papa
2155 4129 2388 4180 Clemens
2425 4129 2534 4180 IV.-
2584 4123 2987 4194 (1265—1268)

328 4209 617 4263 restrinxit
667 4211 737 4263 ad
774 4208 1037 4279 parochos
1088 4209 1324 4279 majores
1341 4250 1354 4272 ‚
1412 4225 1504 4261 eos
1541 4206 1801 4260 videlicet
1818 4249 1830 4272 ,
1884 4207 1977 4276 qui
2026 4208 2228 4261 habent
2263 4206 2548 4276 parochias
2565 4247 2577 4270 ,
2631 4205 2827 4274 quibus
2863 4207 2996 4258 sunt

328 4288 468 4342 aliae
507 4289 794 4358 parochiae
831 4289 1221 4359 incorporatae.
1267 4288 1520 4356 (Sebaste,
1559 4286 1659 4340 Die
1696 4287 2037 4351 Decretalen,
2075 4288 2132 4340 in
2170 4287 2284 4340 citt.
2324 4287 2505 4340 relatt.
2546 4303 2681 4339 6666.
2719 4288 2848 4339 tom.
2875 4284 2990 4338 LV.

328 4386 380 4438 p.
435 4369 554 4422 743.
609 4386 763 4438 sqq.;
822 4369 985 4423 etiam
1040 4385 1205 4438 supra
1253 4386 1304 4437 p.
1362 4366 1505 4435 186.)
1585 4366 1760 4431 Quam
1814 4368 2213 4422 restrictionem
2262 4368 2414 4437 Papa
2464 4368 2788 4432 Bonifacitae
2838 4367 2991 4419 VIII.

329 4448 672 4503 confirmavit
710 4453 766 4503 et
800 4449 857 4503 in
895 4468 938 4503 6.
983 4451 1028 4503 1.
1069 4449 1182 4502 eod.
1223 4448 1281 4501 in
1318 4448 1468 4502 Sext.
1509 4448 1602 4501 ΠΙ.
1642 4448 1729 4501 24.
1768 4447 2091 4502 reservavit.

509 4529 532 4562 ⁴
573 4527 886 4598 Cujusmodi
921 4527 1271 4597 privilegium
1308 4527 1627 4582 nominatim
1666 4527 2149 4581 salmanticensem
2199 4530 2256 4581 et
2293 4527 2550 4581 Pisanam
2587 4525 2994 4580 Universitates

333 4605 607 4671 habuisse,
645 4609 814 4661 refert
857 4610 1123 4661 Gonzalez
1159 4611 1222 4661 de
1267 4611 1439 4661 Tellez
1475 4608 1544 4661 ad
1582 4607 1672 4662 cit.
1720 4625 1836 4677 cap.
1877 4607 1925 4660 3.
1964 4608 2030 4660 X.
2070 4607 2151 4661 Ne
2189 4608 2316 4662 cler.
2355 4608 2447 4661 vel
2483 4605 2729 4660 monach.
2767 4606 2862 4659 ΠΙ.
2903 4607 2991 4660 50.

330 4703 383 4738 11.
421 4686 472 4738 4.
551 4687 802 4741 Ceterum
854 4689 918 4741 de
969 4688 1225 4757 periculis
1264 4692 1321 4743 et
1358 4688 1569 4742 damnis
1586 4731 1599 4753 ,
1657 4705 1797 4756 quae
1848 4687 1977 4741 olim
2016 4688 2228 4742 clericis
2267 4690 2323 4741 et
2359 4687 2703 4755 regularibus
2741 4704 2771 4739 e
2808 4685 2991 4740 studio

322 4765 464 4835 juris
503 4765 683 4820 civilis
719 4768 776 4820 in
812 4767 1277 4822 Universitatibus
1315 4770 1634 4839 plerumque
1672 4768 2027 4821 imminebant
2043 4810 2055 4831 ,
2106 4771 2381 4822 testantur
2431 4768 2576 4821 inter
2626 4770 2809 4821 cetera
2848 4766 2991 4819 duae
