3355 5328
1411 316 1601 378 Secfiio
1626 323 1726 378 ΠΙ.
1777 323 1817 390 ὅ
1853 322 1974 378 109.
2936 323 3041 378 175

375 483 510 567 (24.
587 486 895 553 Decemb.
980 489 1348 553 1297-11,
1427 486 1696 554 Octobr.
1782 485 2021 569 1303),
2098 485 2487 552 nominatim
2562 487 2841 552 Martini
2916 487 3036 552 IV.

379 581 513 665 (22.
579 583 768 651 Febr.
842 586 1212 675 1281-28,
1277 584 1476 651 Mart.
1548 583 1786 667 1285),
1861 584 2140 649 Honorii
2202 585 2319 649 IV.
2392 582 2525 665 (31.
2597 584 2793 649 Mart.
2871 585 3038 648 1285

286 745 289 747 ,
377 703 440 748 11.
477 682 561 748 ad
594 684 698 748 30.
734 681 942 765 April.
984 682 1203 765 1287),
1250 683 1503 749 Nicolai
1536 683 1664 748 IV.
1699 680 1832 763 (22.
1867 681 2180 748 Februar.
2232 682 2554 747 1288—4.
2590 681 2797 765 April.
2840 680 3039 764 1292)

376 782 446 846 et
495 779 823 845 Coelestini
860 781 923 846 V.
974 777 1063 861 (5.
1112 779 1445 847 Ju1.-13.
1479 778 1823 844 Decembr.
1873 778 2072 862 1294)
2093 777 2555 868 collectiones,
2603 799 2724 862 per
2768 799 2841 843 se
2886 778 3039 843 sub-

374 877 708 956 sistenteS‚
754 878 1090 961 hucusque
1138 878 1357 943 nullae
1401 877 1830 943 innotuerunt
1852 873 1894 943 ¹.
1990 874 2298 959 Singulae
2344 880 2567 943 autem
2612 875 3038 942 decretalium

377 982 445 1043 et
487 974 1027 1043 constitutionum
1059 975 1512 1060 praefatorum
1546 975 1960 1041 Summorum
1990 974 2399 1053 Pontificum,
2447 974 2515 1039 in
2547 973 3039 1041 collectionibus

376 1074 824 1140 communibus
872 1073 1296 1140 decretalium
1343 1077 1411 1139 et
1457 1071 1999 1139 constitutionum
2043 1072 2524 1157 pontificiarum
2553 1072 2728 1138 illius
2759 1071 2909 1138 aevi
2937 1071 3038 1136 in-

375 1175 617 1250 sertae,
665 1175 1019 1238 occurrunt
1066 1169 1212 1252 (cfr.
1259 1170 1436 1236 infra
1482 1170 1518 1252 g
1571 1170 1768 1253 109.).

375 1378 416 1466 ξ
462 1377 599 1448 109.
693 1379 1002 1448 collectio
1051 1379 1485 1468 decreta-lium
1546 1380 1615 1447 et
1671 1378 2211 1448 constitutionum
2268 1378 2557 1466 plurium
2618 1378 2810 1446 simul
2860 1379 3037 1446 Sum-

374 1503 625 1567 morum
684 1484 1069 1553 Pontificum
1127 1484 1283 1552 inde
1347 1505 1387 1552 a
1447 1484 1767 1572 Gregorio
1813 1482 1927 1550 IX.
1989 1495 2195 1569 usque
2257 1483 2343 1551 ad
2396 1484 2809 1553 Bonifacium
2853 1485 3035 1552 VIII.

551 1654 707 1721 Non
753 1656 963 1720 solum
1009 1654 1428 1722 collectiones
1471 1653 1897 1720 decretalium
1945 1657 2014 1719 et
2060 1653 2600 1720 constitutionum
2631 1653 3037 1736 singulorum

376 1753 791 1820 Summorum
826 1753 1236 1832 Pontificum,
1286 1753 1402 1818 sed
1450 1752 1653 1819 etiam
1708 1772 2084 1818 communes
2130 1751 2556 1820 decretalium
2604 1756 2674 1819 et
2718 1751 3037 1821 constitu-

374 1851 629 1916 tionum
674 1850 958 1936 plurium
1007 1851 1420 1930 Summorum
1449 1850 1839 1917 Pontificum
1884 1849 2058 1915 illius
2101 1849 2418 1934 temporis
2465 1849 2883 1916 collectiones
2920 1850 3037 1914 ad-

376 1953 652 2016 ornatae
699 1953 874 2015 sunt.

553 2057 643 2123 Et
698 2060 879 2123 certe
941 2055 1202 2139 quidem
1260 2075 1391 2136 una
1434 2054 1803 2138 hujusmodi
1864 2053 2161 2121 collectio
2180 2104 2194 2133 ,
2262 2076 2394 2120 non
2438 2059 2663 2122 tamen
2709 2053 3031 2132 absoluta,

375 2154 491 2219 sed
551 2174 699 2219 cum
756 2152 1073 2238 principio
1121 2155 1402 2237 capsa
1464 2148 1532 2216 in
1590 2152 1720 2217 fine
1779 2151 2061 2237 paginae
2108 2152 2389 2236 abrupta
2407 2202 2421 2230 ‚
2484 2153 2731 2235 absque
2790 2152 3033 2233 glossa,

376 2251 460 2318 ad
521 2272 644 2317 nos
709 2251 1032 2336 pervenit.
1124 2251 1226 2316 Ea
1285 2250 1573 2317 refertur
1634 2249 1704 2314 in
1763 2251 1903 2334 J'am
1972 2254 2335 2316 memorato
2396 2250 2649 2316 Musaei
2716 2249 3037 2315 bohemici

373 2349 632 2431 Pragae
679 2348 899 2415 codice
944 2370 1065 2415 mS.
1113 2345 1190 2430 (Ι.
1234 2349 1312 2414 Β.
1361 2349 1422 2414 4.
1444 2398 1459 2425 ‚
1505 2347 1616 2414 fol.
1665 2360 1837 2414 saec.
1884 2346 2090 2430 XIV.)
2112 2345 2157 2425 ²,
2219 2369 2256 2412 e
2305 2369 2430 2430 quo
2493 2369 2640 2413 eam
2696 2347 3035 2429 evulgavit

375 2449 626 2513 Schulte
644 2445 690 2513 ³.
1384 2500 1387 2501 γ
1911 2502 1914 2507 .

552 2556 609 2620 Ε
656 2553 946 2620 maxima
1003 2558 1196 2638 parte
1256 2552 1468 2618 divisa
1528 2556 1630 2618 est
1684 2551 1753 2617 in
1811 2551 2041 2618 titulos
2060 2602 2074 2631 ‚
2138 2552 2540 2619 collectionis
2590 2551 3034 2635 Gregorianae

371 2652 585 2722 titulis
616 2654 1068 2736 ‘congruentes
1090 2702 1105 2732 ‚
1167 2655 1366 2735 atque
1411 2650 1479 2717 in
1539 2653 1623 2717 92
1686 2649 2009 2736 capitibus
2070 2651 2338 2718 exhibet
2359 2702 2374 2732 ‚
2437 2651 2593 2729 licet
2652 2652 2775 2717 hoc
2819 2650 2890 2717 in
2933 2650 3033 2726 ine

373 2751 731 2835 scriptione
791 2772 911 2817 sua
969 2771 1100 2816 non
1157 2749 1402 2816 indicet
1420 2800 1434 2828 ‚
1502 2750 1889 2831 decretales
1926 2752 1995 2816 et
2055 2750 2558 2817 constitutiones
2624 2750 3034 2827 Summorum

373 2848 763 2915 Pontificum
821 2849 972 2915 inde
1033 2870 1073 2913 a
1121 2848 1426 2932 Greqorio
1473 2847 1596 2914 IX.
1659 2869 1866 2930 usque
1926 2848 2010 2914 ad
2056 2848 2471 2932 Bonifacium
2515 2849 2695 2915 VIII.
2714 2900 2733 2933 ,
2802 2848 3034 2913 collec-

372 2947 658 3014 tionibus
705 2946 1101 3013 authenticis
1147 2967 1263 3012 seu
1322 2945 1595 3030 publicis
1638 2945 1814 3011 illius
1859 2946 2008 3013 aevi
2051 2967 2182 3025 non
2227 2946 2730 3031 comprehensas
2748 2995 2762 3024 ,
2824 2944 3033 3010 nomi-

374 3044 582 3110 natim
630 3046 925 3131 Greqorii
971 3044 1117 3122 IX.,
1166 3045 1520 3109 Innocentii
1565 3044 1680 3109 IV.
1703 3093 1717 3121 ‚
1779 3045 2143 3110 Alexandri
2188 3045 2306 3110 IV.
2324 3096 2343 3128 ,
2406 3044 2651 3110 Urbani
2697 3044 2813 3109 IV.
2832 3095 2850 3127 ‚
2902 3044 3033 3109 Cle-

372 3146 597 3209 mentis
644 3145 757 3209 IV.
762 3194 781 3227 ,
830 3144 1083 3208 Nicolai
1107 3143 1279 3226 -ΠΙ.,
1329 3142 1608 3208 Martini
1653 3142 1771 3208 IV.
1822 3144 1892 3207 et
1934 3142 2266 3224 Bonifacii
2313 3142 2491 3207 VIII.
2581 3140 2761 3217 Quae
2807 3140 3033 3205 decre-

272 3313 279 3319 ,
371 3241 543 3307 tales
591 3244 660 3307 et
705 3239 1208 3308 constitutiones
1254 3238 1646 3323 pontificiae,
1696 3242 2021 3322 quatenus
2062 3239 2256 3306 simul
2302 3240 2382 3304 de
2412 3239 2705 3322 pluribus
2736 3238 3033 3304 materiis

372 3338 782 3424 praecipiunt
799 3350 823 3417 ‚⁴
874 3338 943 3403 in
988 3337 1265 3404 totidem
1311 3340 1538 3421 partes
1584 3336 1836 3403 divisae
1896 3342 1964 3404 et
2011 3336 2308 3419 singulae
2353 3337 2587 3403 harum
2631 3336 2919 3419 partium
2965 3335 3033 3400 in

372 3436 809 3520 peculiaribus
856 3435 1179 3519 capitibus
1225 3435 1585 3501 collocatae
1630 3438 1785 3501 sunt
1809 3434 1854 3499 ⁴.

550 3542 876 3632 Inscripta
923 3545 1028 3608 est
1074 3541 1371 3608 collectio
1417 3541 1580 3607 haec
1623 3541 1754 3607 ita:
1827 3540 2185 3624 „Incipiunt
2242 3539 2742 3608 constitutiones
2790 3540 3031 3606 domini

372 3641 738 3706 Alemandri
767 3640 988 3724 Papae
1019 3640 1156 3718 IV„
1206 3643 1275 3706 et
1319 3639 1529 3723 primo
1579 3642 1658 3705 de
1703 3642 2047 3724 rescriptiS,
2097 3639 2217 3704 sub
2255 3659 2381 3721 quo
2438 3638 2829 3723 compilatae
2878 3643 3032 3705 sunt

374 3738 697 3820 quaedam
731 3746 1212 3823 eaetravayantes
1243 3737 1487 3803 domini
1520 3739 1816 3823 Greyorii
1833 3737 2055 3821 Papae
2085 3737 2164 3803 X.
2199 3739 2270 3802 et
2293 3738 2644 3802 Innocentii
2674 3737 2896 3820 Papae
2915 3736 3028 3803 IV.

373 3839 443 3903 et
489 3835 991 3904 constitutiones
1036 3836 1285 3901 Urbani
1331 3838 1415 3911 et,
1446 3834 1689 3900 domini
1738 3835 2069 3901 Clementis
2116 3835 2235 3899 sub
2281 3833 2493 3901 titulis
2540 3834 2730 3900 suis.“
2823 3834 3031 3911 Quam
3110 3846 3113 3851 '

372 3932 862 4017 inscriptionem
909 3933 1204 4016 sequitur
1249 3932 1545 4000 collectio
1601 3932 1764 4016 ipsa.

551 4040 716 4118 Quia
762 4040 1058 4106 collectio
1104 4040 1267 4105 haec
1311 4039 1380 4105 in
1427 4040 1640 4106 altera
1695 4040 1796 4105 sui
1854 4043 2044 4123 parte
2096 4038 2306 4105 refert
2337 4040 2698 4105 decretales
2754 4044 2822 4106 et
2876 4061 3030 4105 con-

373 4137 751 4204 stitutiones
790 4139 1012 4221 Papae
1056 4138 1387 4222 Bonifacii
1426 4139 1606 4205 VIII.
1656 4136 2156 4220 (1294--1303)
2176 4188 2190 4215 ,
2238 4140 2459 4222 patet,
2510 4158 2684 4217 eam,
2736 4142 2804 4203 et
2850 4141 3029 4203 certe

371 4236 540 4301 hanc
610 4237 749 4320 ejus
807 4240 1108 4319 partem,
1178 4257 1310 4302 non
1379 4240 1536 4302 ante
1596 4236 2056 4303 Pontificatum
2119 4236 2451 4319 Bonifacii
2513 4237 2692 4302 VIII.
2758 4236 3030 4301 adorna-

370 4338 511 4399 tam
548 4334 752 4399 fuisse
778 4333 823 4401 ⁵.

456 4579 459 4582 .
555 4540 571 4573 ¹
610 4535 723 4602 Cfr.
756 4538 991 4605 *Schultz
1029 4535 1130 4590 Die
1165 4536 1507 4602 Decretalen‚
1543 4536 1580 4590 l.
1619 4553 1665 4590 c.
1705 4541 1756 4605 p.
1796 4536 1916 4589 722.
2099 4537 2121 4571 ²
2160 4537 2372 4590 Schulte
2406 4535 2443 4590 1.
2482 4553 2528 4590 c.
2568 4553 2618 4605 p.
2659 4534 2780 4589 724.
2819 4552 2899 4604 sq.

552 4617 573 4652 ⁸
609 4616 669 4669 L.
710 4634 754 4670 c.
793 4635 845 4686 p.
887 4617 1007 4670 725.
1046 4634 1166 4686 sqq.
1347 4618 1372 4653 4
1410 4616 1520 4671 Cfr.
1561 4617 1775 4670 Schulte
1810 4616 1845 4670 1.
1885 4634 1931 4671 c.
1970 4634 2021 4686 p.
2062 4617 2182 4671 793.
2450 4640 2456 4644 ·

553 4697 573 4731 ⁵
611 4696 673 4790 In
708 4695 978 4765 reliquum
1017 4696 1082 4750 de
1120 4697 1348 4788 ea'vide
1387 4698 1601 4769 Schulte
1635 4696 1673 4753 l.
1713 4714 1759 4750 c.
1798 4714 1849 4767 p.
1889 4697 2010 4752 255.
2049 4714 2170 4766 sqq.
