3355 5328
1326 297 1505 353 Sentio
1543 298 1583 352 1.
1640 298 1674 365 ξ
1712 299 1797 352 59.
2820 294 2888 352 97

418 462 671 529 Priores
718 463 1055 529 duodecim
1102 462 1279 529 tituli
1326 461 1650 545 capitibus
1682 462 1768 525 40
1814 459 2111 526 referunt
2147 480 2431 525 canones
2463 459 2727 526 Concilii
2774 483 2890 544 ge-

262 560 479 626 neralis
519 563 980 627 Lateranensis
1011 562 1138 626 IH.
1191 582 1249 626 a.
1304 562 1494 637 1179,
1544 558 1901 623 secundum
1943 557 2233 641 ipsorum
2277 558 2624 623 materiam
2674 561 2890 645 dispo-

261 658 422 724 sitos
495 657 685 725 Unde
730 659 934 736 venit,
985 658 1157 741 quod
1204 657 1502 724 collectio
1548 657 1711 721 haec
1756 655 1825 720 in
1869 654 2173 739 praefato
2221 655 2441 721 codice
2485 678 2604 722 ms.
2649 658 2746 723 ita
2790 660 2890 725 in-

259 755 504 822 titulata
562 759 696 823 est:
771 757 1188 834 „Decretales
1247 754 1609 820 Alexandri
1657 753 1772 819 III.
1835 753 1904 818 in
1964 752 2246 818 Concilio
2295 753 2725 822 Lateranensi
2772 758 2885 824 III.

257 854 527 935 generali
574 876 633 920 a.
688 857 857 919 1179
907 855 1239 920 celebrato
1287 852 1566 919 editae“.

414 961 672 1043 Reliqui
744 961 924 1028 tituli
991 963 1074 1026 53
1141 960 1477 1026 continent
1553 958 1947 1042 praesertim
2024 957 2387 1023 decretales
2455 959 2676 1044 Papae
2744 965 2888 1029 Ale-

256 1061 480 1124 xandri
509 1061 660 1143 HL,
709 1080 904 1142 porro
950 1060 1173 1143 plures
1221 1057 1584 1123 decretales
1630 1056 1834 1140 ipsius
1879 1056 2459 1139 praedecessorum
2505 1062 2705 1140 atque
2751 1063 2891 1145 ejus

255 1176 684 1222 successorum
713 1159 906 1222 Lucii
942 1158 1070 1222 III.
1122 1160 1192 1223 et
1221 1156 1468 1221 Urbani
1513 1155 1640 1221 ΠΙ.

414 1263 758 1329 Adornata
826 1266 929 1329 est
992 1264 1112 1328 sub
1175 1262 1570 1328 Pontificatu
1633 1260 1881 1325 Urbani
1941 1261 2067 1326 ΙΙΙ.
2084 1312 2103 1344 ,
2170 1261 2278 1324 vel
2335 1263 2629 1347 Greqorii
2689 1266 2890 1351 VIIL,

253 1360 349 1424 vel
395 1362 726 1427 Clementis
756 1362 906 1445 HL,
955 1364 1025 1427 et
1072 1360 1350 1442 quidem,
1399 1362 1474 1425 ut
1518 1358 1799 1435 videtur,
1849 1359 1930 1423 ab
1980 1357 2197 1440 aliquo
2229 1360 2455 1444 Anqlo‚
2505 1361 2658 1443 quia
2701 1384 2893 1446 prae-

252 1456 422 1540 cipue
467 1459 616 1524 ans
671 1459 1035 1524 decretales
1082 1457 1323 1535 refert,
1387 1477 1554 1538 quae
1616 1456 1700 1521 ad
1761 1455 2102 1539 episcopos
2147 1455 2428 1538 Angliae
2475 1459 2671 1525 datae
2718 1466 2889 1528 sunt.

249 1555 340 1620 De
384 1561 604 1623 cetero
660 1561 883 1623 autem
930 1560 1161 1622 auctor
1220 1556 1360 1639 ejus
1419 1554 1686 1636 ignotus
1747 1556 1869 1620 est.
1962 1554 2038 1618 In
2086 1575 2166 1619 ea
2223 1554 2601 1621 adornanda
2666 1563 2895 1625 auctor

251 1653 624 1721 collectione
687 1656 1142 1739 Bamberqensi
1209 1675 1406 1736 supra
1471 1651 1536 1734 (ἓ
1601 1652 1738 1735 56.)
1802 1655 2169 1717 memorata
2232 1674 2390 1718 usus
2456 1659 2576 1722 est.
2671 1657 2895 1723 Etiam

249 1771 385 1815 eum
403 1803 417 1830 ,
484 1753 584 1818 uti
632 1756 936 1818 auctores
982 1753 1374 1837 Appendieis
1424 1752 1689 1816 Conoilii
1735 1751 2020 1814 Lateran
2029 1753 2212 1828 ensiS,
2262 1755 2461 1833 atque
2510 1754 2896 1821 Collectionis

248 1849 724 1936 Bamberyensis
780 1854 850 1916 et
908 1852 1265 1935 Lipsiensis
1282 1900 1302 1933 ‚
1366 1847 1656 1914 voluisse
1714 1848 2071 1913 Decretum
2134 1847 2430 1914 Gratiani
2490 1872 2622 1915 non
2685 1854 2894 1918 solum

247 1947 620 2014 continuare
643 1998 657 2026 ,
725 1947 841 2013 sed
888 1947 1090 2013 etiam
1137 1947 1464 2030 complere
1483 1996 1497 2023 ,
1559 1945 1712 2010 inde
1759 1946 2003 2022 elucet,
2071 1945 2243 2027 quod
2301 1945 2358 2010 is
2420 1947 2527 2013 cit.
2578 1951 2896 2015 constitu-

244 2043 482 2111 tionem
533 2047 754 2129 Papae
813 2047 1048 2111 Leonis
1093 2045 1215 2110 IX.
1235 2069 1255 2109 .·
1315 2046 1611 2109 Relatum
1663 2051 1777 2127 est,
1839 2043 1907 2107 in
1965 2042 2139 2107 hanc
2200 2043 2649 2111 coHectionem
2710 2069 2894 2112 suam

242 2143 516 2228 recepit3
567 2143 674 2208 ubi
722 2164 868 2209 eam
912 2143 980 2208 in
1026 2142 1129 2209 tit.
1177 2142 1474 2207 XXXVI.
1525 2162 1664 2224 cap.
1718 2143 1777 2206 5.
1828 2140 2176 2206 collocavit
2204 2137 2246 2206 ¹.
2300 2134 2307 2141 ’

496 2350 538 2436 ξ
587 2347 689 2417 59.
780 2351 1195 2418 Breviarium
1242 2348 1838 2435 Extravagantium
1883 2348 2213 2415 Bernardi
2258 2349 2620 2437 Papicnsis.

1217 2456 1595 2543 compilatio
1641 2457 1857 2542 prima
1876 2454 1922 2521 ².

412 2630 806 2696 Bernardus
851 2629 1191 2714 Papiensis
1214 2623 1261 2711 ³,
1311 2647 1509 2709 quum
1554 2624 1974 2710 praepositus·
2002 2623 2282 2708 Capituli
2330 2624 2726 2692 cathedralis
2767 2626 2895 2692 Pa-

235 2726 480 2809 piensis
515 2732 711 2806 esset,
758 2727 1009 2805 videnS,
1059 2746 1192 2803 eae,
1242 2746 1410 2808 quae
1440 2728 1598 2790 tunc
1630 2725 2005 2801 exstabant,
2056 2722 2481 2788 decretalium
2520 2728 2588 2789 et
2620 2725 2896 2791 aliarum

237 2825 780 2891 constitutionum
812 2823 1424 2901 ecclesiasticarum,
1471 2826 1624 2905 post
1652 2823 2009 2888 Decretum
2043 2820 2340 2887 Gratiani
2372 2820 2714 2900 editarum,
2764 2825 2898 2888 col-

233 2921 556 2990 lectiones
602 2945 734 2989 non
780 2943 925 2988 esse
974 2923 1353 3005 completaS,
1401 2941 1613 3003 neque
1644 2920 1849 2987 etiam
1881 2918 2044 2985 satis
2075 2921 2233 3002 apto
2266 2918 2491 2983 ordine
2526 2919 2895 3003 dispositaS,

237 3022 303 3086 et
347 3021 627 3106 insuper
672 3020 1126 3098 considerans,
1189 3019 1257 3084 in
1302 3020 1587 3084 Decreto
1636 3017 1935 3083 Gratiani
1995 3018 2237 3083 multas
2285 3016 2785 3083 constitutiones
2832 3024 2901 3085 et

232 3234 450 3303 sponsis
492 3234 801 3305 conjugatis
837 3234 1225 3289 monasterium
1261 3233 1526 3302 ingressis
1563 3234 1654 3288 vel
1691 3233 1904 3302 ingredi
1940 3233 2265 3290 volentibus,
2317 3238 2401 3292 58.
2440 3238 2521 3291 De
2558 3241 2898 3295 matrimonio

230 3315 605 3369 contrahendo
643 3315 732 3370 vel
764 3315 880 3385 jam
918 3319 1193 3370 contracto
1232 3318 1289 3369 et
1325 3314 1683 3385 sponsalibus,
1758 3316 1843 3368 59.
1881 3314 1962 3367 De
2000 3332 2061 3368 eo
2078 3356 2091 3379 ,
2144 3315 2236 3383 qui
2288 3318 2545 3385 cognovit
2581 3320 2897 3387 consangui-

229 3412 389 3448 neam
428 3394 624 3449 uxoris
661 3413 792 3449 suae
817 3395 908 3449 vel
933 3395 1187 3465 sponsam
1212 3394 1385 3465 patris
1411 3394 1497 3448 sui
1533 3394 1624 3448 vel
1650 3412 1881 3464 sponsae
1906 3394 2155 3464 propriae
2179 3396 2651 3464 consanguineam.
2705 3401 2788 3454 60.
2816 3400 2897 3454 De

231 3475 550 3545 conjugatis
598 3475 844 3545 leprosis,
919 3477 1004 3529 61.
1055 3475 1136 3528 De
1173 3475 1301 3529 filiis
1339 3474 1729 3545 conjungendis
1745 3517 1759 3539 ,
1814 3478 1937 3544 post
1975 3475 2478 3543 compaternitatem
2515 3477 2605 3531 vel
2631 3483 2768 3533 ante
2806 3497 2896 3547 ge-

227 3555 376 3609 nitis
460 3557 550 3610 62.
591 3555 694 3620 Qui
729 3555 830 3609 filii
868 3555 980 3609 sint
1013 3556 1247 3623 legitimi
1284 3558 1341 3609 et
1377 3556 1442 3609 de
1480 3556 1604 3608 dote
1641 3558 1767 3624 post
1802 3554 2097 3608 divortium
2132 3555 2485 3611 restituenda.
2550 3558 2636 3611 63.
2674 3559 2754 3612 De
2793 3560 2896 3613 cle·

227 3634 359 3689 ricis
412 3635 895 3690 matrimonialiter
951 3635 1217 3705 copulatis
1273 3639 1330 3689 et
1383 3634 1506 3689 aliis
1522 3677 1535 3700 ,
1591 3634 1913 3689 fornicarias
1968 3634 2310 3689 habentibus.
2386 3637 2470 3690 64.
2509 3637 2590 3691 De
2645 3640 2898 3693 secundis

226 3716 458 3786 nuptiis.
539 3717 624 3769 65.
663 3716 744 3769 De
780 3715 1122 3770 matrimonio
1173 3733 1472 3769 servorum.
1553 3715 1785 3785 (Corpus
1817 3715 1923 3786 jur.
1964 3732 2110 3780 can.,
2163 3715 2245 3769 ed.
2286 3718 2427 3770 Just.
2465 3719 2721 3787 Hennin9
2757 3722 2898 3774 Bo'h-

226 3814 358 3865 mer,
398 3795 585 3850 Halae
621 3796 873 3863 Magdeb.
916 3797 1070 3861 1747,
1107 3800 1236 3850 tom.
1276 3796 1343 3849 Π.
1382 3796 1627 3866 Append.
1667 3796 1735 3849 ΙΙ.
1778 3795 1877 3849 col.
1922 3796 2039 3849 185.
2078 3794 2223 3864 sqq.)

416 3888 436 3919 ¹
477 3886 562 3938 De
598 3884 860 3938 relatione
910 3885 1075 3955 hujus
1127 3885 1461 3939 collectionis
1512 3886 1580 3939 ad
1632 3884 1978 3938 collectiones
2031 3884 2382 3938 decretalium
2433 3903 2600 3956 supra
2636 3889 2900 3944 adductas

225 3964 355 4019 vide
398 3966 624 4019 Schulte
635 4006 653 4033 ,
708 3964 933 4032 Beitrag
970 3984 1066 4019 zur
1105 3964 1432 4019 Geschichte
1471 3966 1566 4019 des
1604 3982 1790 4019 canon.
1829 3964 2035 4018 Rechts
2072 3982 2181 4018 von
2219 3963 2448 4019 Gratian
2484 3966 2567 4019 bis
2605 3969 2704 4021 auf
2735 3969 2899 4023 Bern-

226 4044 366 4099 hard
408 4064 528 4099 von
565 4044 756 4110 Pavia,
794 4045 851 4099 in
889 4046 1004 4099 citt.
1043 4045 1224 4099 relatt.
1265 4063 1398 4099 sess.
1437 4048 1565 4099 tom.
1593 4045 1811 4099 LXXII.
1851 4063 1901 4115 p.
1936 4045 2059 4098 497.
2099 4062 2218 4114 sqq.
2257 4075 2327 4082 —
2363 4046 2636 4116 Impressa
2673 4051 2758 4102 est
2794 4050 2899 4103 col-

222 4126 392 4181 lectio
433 4126 579 4179 haec
615 4125 672 4178 in
711 4125 867 4195 Corp.
901 4125 1006 4196 jur.
1047 4143 1182 4190 can„
1222 4126 1303 4179 ed.
1345 4128 1485 4179 Just.
1524 4127 1743 4193 Henniy
1779 4126 2026 4193 Bohmer,
2063 4125 2238 4179 Halae
2269 4126 2453 4193 Magd.
2484 4127 2638 4192 1747,
2674 4132 2803 4183 tom.
2832 4130 2897 4182 11.

222 4207 486 4277 Append.
529 4205 597 4258 II.
638 4205 737 4259 col.
780 4206 899 4259 185.
938 4223 1057 4275 sqq.

414 4296 437 4329 ²
491 4296 722 4348 Theiner
734 4335 750 4363 ,
801 4294 1224 4362 Disquisitiones
1261 4293 1498 4359 criticae,
1536 4313 1588 4364 p.
1631 4295 1676 4348 1.
1716 4311 1867 4362 sqq.;
1909 4296 2154 4363 Phillips,
2191 4293 2600 4360 Kirchenrecht,
2636 4299 2764 4349 tom.
2804 4297 2898 4350 IV.

221 4395 273 4447 p.
316 4377 450 4431 207.
497 4391 649 4443 sqq.;
701 4376 982 4427 Bernardi
1034 4377 1313 4443 Papiensis
1363 4374 1585 4428 Summa
1637 4373 2019 4439 decretalium,
2076 4375 2157 4428 ed.
2205 4377 2343 4427 Ern.
2398 4377 2502 4429 Aa.
2557 4377 2750 4429 Theod.
2789 4379 2901 4430 La-

218 4463 469 4526 speyrae,
512 4452 720 4509 Ratisb.
751 4455 904 4519 1860,
941 4454 1180 4509 Praefat.
1208 4473 1259 4524 p.
1286 4454 1432 4508 XIII.
1461 4471 1606 4524 sqq.;
1645 4456 1885 4523 Laurin,
1923 4453 2003 4508 in:
2042 4454 2248 4508 Archiv
2284 4455 2374 4507 fiir
2409 4454 2614 4508 kathol.
2641 4455 2900 4510 Kirchen·

216 4537 386 4591 recht
429 4536 599 4603 (Moy
636 4537 693 4588 et
728 4536 971 4602 Veriny),
1009 4537 1137 4588 tom.
1175 4535 1296 4588 XII.
1334 4552 1386 4604 p.
1427 4535 1546 4588 337.
1585 4551 1741 4603 sqq.;
1782 4536 2009 4603 Schulte,
2047 4533 2148 4587 Die
2188 4534 2516 4588 Geschichte
2554 4536 2649 4589 der
2674 4535 2901 4601 Quellen

218 4617 337 4672 und
377 4614 670 4670 Literatur
708 4615 802 4668 des
840 4631 1027 4668 canon.
1053 4614 1275 4679 RechtS,
1312 4618 1441 4668 tom.
1480 4615 1521 4669 Ι.
1560 4632 1612 4684 p.
1653 4615 1738 4668 78.
1777 4632 1923 4684 sqq.;
1963 4616 2227 4667 Aemilius
2264 4616 2575 4684 Friedberq,
2612 4615 2697 4669 in:
2738 4616 2899 4681 Quin-

217 4716 330 4767 que
375 4693 813 4763 Compilationes
851 4694 1123 4763 antiquae.
1198 4693 1344 4764 Lips.
1387 4695 1541 4759 1882,
1579 4694 1824 4765 prolegg.
1862 4712 1915 4764 p.
1954 4694 2048 4747 VI.
2088 4711 2208 4762 sqq.

417 4787 442 4821 ⁸
490 4782 598 4837 cfr.
639 4784 704 4838 de
742 4802 804 4838 eo
842 4801 1007 4853 supra
1046 4802 1098 4854 p.
1139 4784 1226 4840 20.

328 4882 589 4927 Laurin,
627 4882 804 4931 Corpus
827 4883 920 4930 jur.
949 4892 1046 4921 can.
2179 4917 2184 4924 .
2454 4873 2483 4924 7
