3355 5328
326 320 430 376 160
1124 320 1263 374 Pars
1299 320 1367 373 II.
1421 319 1781 387 collectiones
1818 320 2187 375 decretalium.

324 477 433 559 qui
479 477 730 543 scilicet
776 477 1036 545 omnino
1067 479 1311 563 pendet
1356 500 1396 546 a
1442 479 1826 558 rationibuS‚
1876 480 2111 563 quibus
2154 481 2299 565 ipsa
2341 479 2729 558 innituntur,
2777 480 2987 546 nomi-

321 575 528 646 natim
577 577 659 641 ab
706 596 803 654 eo,
851 580 1074 643 utrum
1119 598 1354 661 reapse
1400 578 1618 644 tenori
1663 578 1955 663 capitum
2002 583 2389 662 congruant,
2438 600 2665 645 necne.

498 673 704 739 Porro
752 679 976 741 autem
1023 675 1253 741 eadem
1300 676 1658 742 summaria
1703 676 2153 744 testimonium
2198 677 2546 761 perhibent
2563 727 2577 755 ,
2626 699 2747 763 quo
2795 698 2986 743 sensu

320 771 695 856 respectiva
740 773 961 857 capita
1004 777 1163 840 tunc
1207 773 1525 858 temporis
1571 778 1846 858 accepta
1893 796 1934 840 a
1980 775 2339 841 canonistis
2384 774 2631 841 fuerint
2658 775 2700 840 ¹.

1134 979 1172 1065 ξ
1222 978 1328 1048 94.
1420 980 1755 1050 Rubricae
1801 981 2168 1051 titulorum.

498 1151 822 1217 Rubricae
878 1151 1220 1219 titulorum
1240 1204 1254 1231 ‚
1318 1175 1395 1219 eo
1458 1154 1630 1238 quod
1690 1154 1775 1219 ab
1834 1153 1976 1237 ipso
2026 1153 2416 1236 Raymundo
2476 1151 2854 1236 propositae
2916 1154 2985 1217 et

319 1269 452 1314 una
499 1270 645 1313 cum
677 1248 965 1333 capitum
1011 1254 1205 1318 textu
1237 1274 1278 1318 a
1307 1252 1491 1337 Papa
1523 1254 1829 1337 Greyorio
1862 1251 1985 1316 IX.
2033 1271 2153 1335 per
2197 1251 2444 1316 bullam
2487 1248 2982 1334 publicationis:

319 1347 460 1412 Rex
497 1348 806 1432 pacificus
853 1350 1257 1433 approbatae
1302 1353 1459 1416 sunt
1480 1348 1525 1428 2,
1583 1350 1862 1415 eundem
1908 1369 1986 1414 ac
2032 1349 2143 1414 ille
2187 1352 2417 1414 textus
2462 1348 2759 1414 valorem
2802 1348 2983 1429 lega-

319 1444 449 1509 lem
506 1444 771 1510 habent.
864 1446 956 1511 Et
999 1447 1149 1512 hinc
1195 1469 1326 1513 non
1373 1449 1584 1513 solum
1630 1447 1767 1512 vim
1811 1446 2383 1531 interpretamenti
2427 1446 2673 1512 habent
2716 1466 2836 1530 pro
2881 1445 2982 1510 in-

322 1542 624 1624 dagando
671 1563 866 1608 sensu
926 1543 1331 1627 singulorum
1391 1545 1714 1630 capitum,
1781 1563 1949 1628 quae
1995 1545 2113 1609 sub
2173 1545 2287 1609 illa
2346 1543 2607 1610 rubrica
2664 1548 2982 1626 tanquam

321 1639 574 1723 species
620 1641 739 1705 sub
786 1662 1028 1722 genere
1072 1643 1291 1727 posita
1337 1647 1492 1709 sunt
1516 1640 1563 1722 ³,
1625 1664 1858 1709 verum
1906 1641 2127 1722 etiam,
2178 1664 2375 1726 quum
2405 1643 2670 1727 plenum
2699 1641 2983 1708 fundunt

322 1758 605 1816 sensum,
654 1738 695 1804 i.
747 1760 802 1805 e.
853 1740 1112 1822 quando
1161 1741 1553 1825 completam
1599 1739 2113 1826 propositionem
2147 1741 2573 1819 constituunt,
2622 1741 2818 1825 plane
2862 1761 2980 1824 pro

298 1836 469 1918 lege
517 1836 963 1903 ecclesiastica
1009 1838 1285 1921 allegari
1329 1843 1607 1922 possunt
1631 1839 1676 1905 ⁴.

1157 2045 1195 2132 ξ
1244 2043 1347 2113 95.
1441 2045 1672 2113 Glossa
1720 2046 2062 2114 ordinaria
2087 2046 2134 2113 5.

500 2211 734 2277 Glossa
794 2213 1123 2280 ordinaria
1182 2214 1375 2298 hujus
1437 2213 1839 2280 collectionis
1896 2214 2181 2296 legalem
2239 2215 2534 2281 valorem
2582 2236 2714 2281 non
2757 2214 2976 2292 habet,

319 2329 396 2374 eo
445 2310 616 2392 quod
665 2310 922 2375 demum
967 2316 1118 2396 post
1149 2312 1657 2396 publicationem
1696 2312 1890 2396 hujus
1923 2312 2324 2378 collectionis
2357 2317 2425 2379 et
2453 2313 2907 2379 tantummodo
2940 2333 2981 2377 a

318 2406 479 2471 viris
523 2407 803 2491 privatis
835 2409 1214 2494 composita,
1263 2431 1384 2475 nec
1431 2411 1738 2495 deinceps
1771 2432 1812 2475 a
1844 2410 2009 2475 Sede
2041 2411 2421 2494 Apostolica
2458 2411 2824 2496 approbata
2856 2413 2976 2477 est.

495 2505 970 2573 Verumtamen
1013 2529 1325 2590 magnum
1370 2509 1665 2575 valorem
1714 2508 2141 2574 doctrinalem
2185 2509 2405 2587 habet,
2457 2513 2526 2575 et
2556 2509 2817 2593 quidem
2840 2510 2978 2592 jam

316 2607 586 2688 propter
647 2603 969 2688 insignem
1035 2606 1466 2673 eruditionem
1529 2606 1971 2689 theologicam
2040 2611 2108 2674 et
2165 2606 2533 2692 juristicam
2555 2657 2570 2687 ‚
2641 2628 2771 2691 qua
2839 2607 2978 2692 ejus

319 2705 621 2767 auctores
666 2703 1020 2787 pollebant.

498 2800 635 2877 Quo
695 2800 947 2869 factum
1007 2806 1109 2868 est
1127 2854 1141 2880 ,
1203 2806 1278 2869 ut
1336 2804 1557 2887 plures
1617 2805 1759 2888 ejus
1821 2804 2157 2888 opiniones
2204 2805 2314 2870 vel
2361 2805 2444 2870 ab
2490 2804 2649 2889 ipsis
2697 2802 2978 2869 Summis

317 2898 742 2964 Pontificibus
789 2900 1264 2984 adoptarentur
1310 2905 1378 2967 et
1408 2902 1636 2967 valore
1670 2902 2155 2969 ecclesiasticae
2199 2902 2369 2985 legis
2416 2903 2816 2969 donarentur
2861 2923 2977 2967 seu

319 2996 878 3064 canonizarentur.

496 3094 854 3160 Praeterea
897 3099 1119 3161 autem
1149 3096 1360 3162 valori
1392 3098 1654 3180 glossae
1688 3097 2033 3164 doctrinali
2066 3102 2491 3181 augmentum
2520 3098 2672 3164 inde
2704 3097 2976 3177 accedit,

319 3193 491 3275 quod
538 3194 678 3277 ejus
725 3198 1027 3261 auctores
1061 3194 1297 3277 origini
1327 3195 1520 3279 hujus
1567 3196 1967 3263 collectionis
2013 3196 2153 3261 fere
2199 3196 2426 3263 coaevi
2459 3202 2667 3275 erant,
2718 3201 2787 3263 et
2827 3195 2977 3263 hinc

315 3290 691 3374 gravissimi
736 3295 946 3359 testes
993 3314 1190 3377 super
1235 3314 1312 3358 eo
1359 3298 1511 3360 sunt
1529 3344 1545 3373 ,
1608 3316 1736 3377 quo
1784 3316 1979 3360 sensu
2024 3295 2149 3360 hoc
2194 3295 2303 3360 vel
2360 3295 2521 3360 illud
2570 3298 2770 3379 caput
2791 3345 2806 3374 ‚
2868 3293 2976 3360 vel

497 3508 515 3541 ¹
556 3506 666 3560 Cfr.
704 3524 761 3560 v.
798 3523 852 3574 g.
904 3505 1257 3560 summarium
1309 3524 1425 3576 cap.
1468 3506 1550 3559 12.
1590 3506 1657 3559 Χ.
1713 3506 1778 3560 de
1827 3508 1993 3576 temp.
2046 3506 2301 3560 ordinatt.
2340 3506 2382 3561 I.
2423 3505 2539 3570 11.,
2590 3522 2748 3576 porro
2794 3504 2976 3575 Papae

316 3587 582 3639 Benedict.
621 3588 776 3640 XIV.
815 3589 1016 3640 const.:
1058 3588 1124 3638 In
1151 3594 1442 3656 postremO,
1480 3586 1530 3640 d.
1571 3587 1620 3640 d.
1661 3586 1747 3641 20.
1788 3586 1907 3640 Oct.
1941 3586 2093 3651 1756,
2132 3585 2165 3653 ἕ
2198 3587 2247 3640 3.
2286 3603 2407 3655 sqq.
2447 3584 2674 3654 (Bullar.
2701 3584 2854 3639 Rom.
2894 3585 2974 3639 ed.

316 3666 681 3733 Luxemburg.
724 3666 859 3719 1727
898 3683 1036 3735 sqq„
1081 3669 1210 3720 tom.
1248 3665 1394 3720 XIX.
1434 3684 1485 3736 p.
1525 3667 1646 3721 253.
1686 3665 1853 3736 sqq.).

496 3748 517 3782 ²
552 3746 722 3799 Immo
753 3747 868 3817 jam
905 3747 1058 3817 prius
1082 3745 1346 3817 plurimas
1373 3763 1559 3800 earum
1584 3745 1908 3816 approbavit
1943 3747 2096 3816 Papa
2120 3746 2463 3800 Innocentius
2487 3747 2594 3800 III.
2620 3762 2717 3815 per
2740 3744 2975 3798 bullam:

317 3826 601 3878 Deuotioni
643 3833 875 3895 vestrae,
928 3827 1030 3880 sub
1081 3844 1189 3895 qua
1227 3825 1673 3896 compilationem
1714 3825 1809 3879 III.
1827 3867 1840 3890 ‚
1891 3843 1989 3879 suo
2021 3826 2179 3896 jussu
2217 3825 2535 3879 adornatam
2549 3866 2563 3890 ,
2615 3822 2978 3879 Universitati

317 3903 644 3957 Bononiensi
678 3904 1000 3980 trassmisit.
1077 3906 1188 3961 Cfr.
1227 3924 1393 3977 supra
1430 3924 1481 3976 p.
1525 3906 1644 3959 112.
1682 3909 1795 3960 not.
1834 3906 1883 3959 2.

497 3985 518 4020 ³
556 3983 673 4049 Qua
709 3983 918 4039 ratione
955 4004 1008 4039 v.
1046 4003 1100 4054 g.
1141 4004 1211 4040 ex
1246 3986 1463 4040 rubrica
1499 3985 1566 4039 X.
1605 3986 1701 4040 IV.
1741 3986 1821 4040 3.:
1881 3985 1977 4051 „de
2024 3985 2362 4040 clandestina
2400 3984 2845 4056 desponsatione“
2889 3984 2976 4038 de·

316 4064 548 4128 ducitur,
586 4067 926 4120 contractum
961 4065 1307 4132 matrimonii,
1346 4066 1412 4119 de
1449 4084 1556 4136 quo
1592 4065 1650 4119 in
1688 4083 1842 4136 capp.
1883 4065 2055 4119 1.—3.
2095 4066 2209 4119 eod.
2249 4065 2448 4133 agitur,
2487 4067 2635 4119 recte
2674 4064 2782 4119 dici
2817 4082 2977 4135 posse

316 4144 786 4215 desponsationem
801 4187 814 4209 ‚
866 4148 923 4201 et
970 4145 1097 4200 hinc
1145 4146 1325 4220 ipsum
1375 4144 1780 4200 matrimonium
1817 4144 1985 4200 etiam
2021 4147 2298 4215 sponsalia
2341 4144 2552 4215 (utique
2588 4146 2654 4198 de
2679 4147 2975 4213 praesenti,

315 4226 614 4279 secundum
650 4243 767 4296 cap.
806 4226 892 4279 31.
930 4225 996 4280 X.
1038 4227 1103 4280 de
1140 4244 1320 4297 spons.
1359 4227 1454 4280 IV.
1498 4225 1569 4294 1.)
1622 4225 1728 4280 dici
1765 4243 1941 4296 posse.

493 4306 519 4341 ⁴
554 4305 621 4360 V.
660 4322 713 4373 g.
752 4305 819 4360 X.
857 4305 926 4360 H.
965 4306 1044 4360 6.:
1097 4307 1174 4361 Ut
1222 4306 1320 4361 lite
1368 4325 1475 4360 non
1526 4309 1833 4360 contestata
1882 4324 1991 4359 non
2040 4306 2363 4376 procedatur
2413 4305 2483 4359 ad
2531 4304 2758 4360 testium
2792 4322 2973 4376 recep·

316 4384 519 4439 tionem
555 4386 648 4439 vel
685 4387 753 4440 ad
792 4386 1119 4442 sententiam
1158 4386 1493 4441 definitivam
1535 4385 1812 4455 (subaudiz
1850 4385 2153 4454 statuitur).

494 4464 561 4518 X.
600 4465 668 4518 H.
712 4466 824 4520 16.:
864 4466 941 4521 Ut
976 4466 1072 4520 lite
1110 4466 1378 4536 pendente
1415 4465 1551 4520 nihil
1587 4465 1894 4520 innovetur.

493 4544 560 4598 X.
599 4545 695 4599 ΠΙ.
734 4547 815 4601 9.:
854 4545 935 4600 Ne
972 4547 1102 4600 sede
1138 4549 1372 4601 vacante
1409 4544 1618 4615 aliquid
1653 4545 1961 4599 innovetur.

494 4624 562 4678 X.
599 4625 694 4679 III.
735 4627 855 4680 50.:
918 4625 1000 4679 Ne
1060 4625 1244 4680 clerici
1302 4626 1394 4680 vel
1457 4625 1708 4680 monachi
1765 4624 2003 4692 negotiis
2060 4623 2433 4680 saecularibus
2459 4659 2465 4666 ·
2492 4643 2553 4680 se
2614 4624 2971 4680 immisceant.

317 4702 427 4757 Cfr.
468 4705 695 4774 Schulte,
731 4705 833 4760 Die
871 4704 1198 4760 Geschichte
1237 4706 1332 4760 der
1370 4705 1612 4771 Quellen‚
1650 4708 1780 4759 tom.
1819 4705 1887 4760 II.
1926 4724 1977 4776 p.
2020 4706 2102 4761 18.
2142 4723 2223 4774 sq.

497 4786 516 4818 ⁵
555 4786 784 4856 Schulte,
821 4785 922 4840 Die
958 4785 1133 4840 Lehre
1170 4803 1278 4841 von
1317 4786 1421 4840 den
1457 4785 1703 4852 Quellen‚
1741 4805 1793 4857 p.
1833 4786 1954 4840 361.
