3355 5328
1469 317 1645 387 Caput
1680 318 1749 370 II.
1801 316 1833 383 ξ
1874 318 1957 371 19.
2936 317 3039 373 261

559 483 699 560 Qua
744 483 1001 549 ratione
1047 481 1367 565 paulatim
1416 482 1721 545 effectum
1769 484 1889 558 est,
1938 485 2012 546 ut
2059 481 2502 564 Imperatores
2548 478 2803 543 romani
2821 527 2835 555 ,
2887 477 3041 542 reli-

376 582 641 663 gionem
701 580 1126 646 christianam
1187 578 1502 663 professi,
1564 578 1830 643 titulum
1889 578 2224 643 Pontificis
2271 576 2544 641 Maximi
2605 577 3039 660 deponerent3

375 680 446 746 id
494 680 665 762 quod
713 682 893 745 certe
949 680 1335 743 Theodosius
1383 678 1662 762 Maynus
1690 674 2153 759 -(379-395)‚
2202 676 2401 740 immo
2450 675 2864 757 aliquatenus
2903 675 3043 758 jam

383 780 748 843 Gratianus
795 775 904 857 (37
914 776 1205 859 5—383)
1248 774 1486 840 fecisse
1536 773 1943 855 dignoscitur
1971 773 2011 839 ¹.

558 886 764 950 Porro
797 882 1095 948 Ecclesia
1127 882 1327 947 etiam
1358 882 1507 946 illas
1550 880 2054 947 constitutiones
2079 881 2244 965 juris
2293 880 2503 946 civilis
2549 880 2822 957 romani,
2874 899 3041 961 quae

379 983 467 1049 ad
515 982 784 1063 negotia
829 1002 1010 1045 mere
1071 980 1436 1045 saecularia
1483 979 1905 1063 spectabant,
1974 978 2311 1044 doctrinae
2359 983 2427 1045 et
2472 978 2843 1061 praeceptis
2888 976 3041 1042 reli-

372 1081 590 1163 gionis
638 1079 1037 1168 christianae
1085 1077 1495 1143 conformare
1517 1075 1541 1113 ²
1589 1080 1790 1159 atque
1837 1077 2071 1142 durum
2117 1077 2404 1159 rigorem
2444 1076 2647 1160 311115,
2698 1097 2733 1140 0
2779 1075 3040 1159 placitis

377 1297 781 1365 ἀναθεματίζω.“
849 1301 1072 1352 Latine:
1115 1297 1360 1363 „Desine,
1400 1314 1600 1365 quaeso
1638 1300 1710 1361 te,
1750 1298 1807 1350 et
1842 1299 2129 1365 memento,
2165 1300 2222 1350 te
2259 1295 2544 1349 mortalem
2580 1294 2852 1348 hominem
2890 1311 3039 1357 esse;

370 1377 507 1431 time
540 1378 732 1448 judicii
771 1378 928 1443 diem,
966 1382 1130 1446 teque
1168 1377 1346 1447 ipsum
1383 1376 1663 1430 innoxium
1702 1377 1771 1430 ad
1810 1395 1930 1430 eam
1969 1376 2259 1430 custodias
2323 1375 2404 1429 Ne
2441 1374 2748 1428 immisceas
2784 1377 2841 1428 te
2878 1374 3040 1428 rebus

371 1458 779 1523 ecclesiasticis,
817 1477 957 1512 neve
993 1458 1148 1512 nobis
1188 1459 1253 1511 (10
1291 1457 1378 1511 1115
1414 1456 1736 1528 praecipiaS,
1775 1458 1873 1511 sed
1898 1456 2080 1527 potius
2120 1474 2213 1510 eas
2252 1474 2284 1509 a
2321 1456 2478 1509 nobis
2505 1454 2700 1509 discas.
2745 1453 2867 1507 Tibi
2891 1453 3039 1507 Deus

374 1538 662 1608 imperium
698 1539 954 1604 tradidit,
1006 1538 1163 1592 nobis
1201 1537 1573 1592 ecclesiastica
1612 1538 1962 1591 concredidit.
2036 1537 2110 1591 Et
2147 1536 2597 1605 quemadmodum
2616 1577 2627 1599 ,
2675 1534 2768 1603 qui
2804 1534 2905 1588 tibi
2942 1534 3039 1587 im-

370 1618 585 1688 perium
622 1618 877 1689 surripit,
914 1621 1186 1688 repugnat
1221 1619 1350 1683 De0,
1390 1617 1483 1685 qui
1519 1617 1622 1671 1100
1657 1617 1736 1671 ita
1774 1617 2076 1682 ordinavit,
2114 1617 2193 1670 ita
2229 1620 2426 1681 metue,
2464 1634 2532 1669 ne
2570 1618 2626 1668 et
2661 1618 2742 1679 tn,
2781 1632 2861 1679 ea,
2900 1632 3039 1682 quae

370 1702 504 1751 sunt
539 1698 835 1763 Ecclesiae,
874 1699 942 1753 ad
979 1702 1035 1752 te
1072 1699 1312 1763 trahens,
1350 1697 1537 1766 magni
1575 1698 1816 1751 criminis
1852 1716 1980 1751 reus
2016 1698 2133 1751 fiaS.
2185 1696 2433 1760 Reddite,
2471 1695 2735 1765 scriptum
2760 1698 2860 1758 est,
2899 1712 3038 1762 quae

373 1782 504 1831 sunt
543 1779 809 1844 Caesaris,
849 1778 1086 1844 Caesari,
1126 1782 1181 1832 et
1220 1796 1357 1847 quae
1395 1782 1525 1831 sunt
1560 1777 1677 1841 Dei,
1716 1777 1846 1831 Deo,
1921 1778 2110 1846 Neque
2156 1776 2313 1831 nobis
2349 1776 2519 1844 igitur
2554 1779 2734 1829 terrae
2771 1774 3038 1844 imperare

369 1858 504 1913 licet
520 1901 532 1922 ,
585 1876 762 1927 neque
799 1862 862 1913 tu
900 1859 1151 1913 adolendi
1188 1860 1516 1929 potestatem
1554 1858 1723 1912 habes
1741 1901 1754 1923 ‚
1806 1859 2128 1928 Imperator!
2190 1858 2342 1911 Haec
2380 1857 2614 1925 quidem,
2652 1859 2804 1909 tuam
2843 1872 3039 1908 curans

370 1939 624 2002 salutem,
677 1939 870 1993 scribo,
948 1937 1101 2003 Quod
1137 1957 1268 1992 vero
1307 1938 1376 1992 ad
1414 1957 1478 1993 ea
1515 1942 1759 2008 spectat,
1800 1939 1865 1991 de
1904 1938 2101 2006 quibus
2139 1937 2425 2007 scripsisti,
2465 1937 2529 1990 de
2566 1935 2679 1989 illis
2716 1935 2879 2005 hujus
2916 1952 3038 1989 sum

368 2018 691 2072 sententiae.
767 2019 883 2086 Ego
939 2037 1115 2087 neque
1171 2018 1390 2071 Arianis
1447 2018 1723 2072 adsentior
1743 2060 1755 2083 ,
1822 2018 1985 2071 immo
2036 2018 2287 2071 haeresin
2343 2034 2529 2070 eorum
2586 2014 3031 2069 anathematizo.“

378 2098 459 2166 (S.
502 2101 750 2152 Athanas.
778 2099 984 2153 Histor.
1011 2098 1335 2152 Arianorum
1374 2098 1443 2151 ad
1468 2098 1776 2162 monachos,
1816 2116 1932 2167 cap.
1958 2098 2063 2162 44„
2103 2098 2239 2167 Opp.
2277 2098 2394 2151 edd.
2436 2099 2555 2151 Jac.
2584 2098 2766 2163 Lopin
2792 2102 2847 2148 01,
2871 2098 3035 2149 Rern.

366 2181 436 2232 de
472 2181 843 2248 Montfaueon,
883 2179 1057 2233 Paris.
1101 2180 1254 2244 1698,
1298 2182 1428 2232 tom.
1467 2180 1509 2232 1.
1549 2181 1689 2248 part.
1734 2179 1779 2231 1.
1820 2196 1870 2247 p.
1911 2177 2056 2245 371.)
2100 2207 2170 2215 —
2206 2178 2345 2230 Item
2383 2195 2453 2230 ex
2491 2175 2670 2230 effatis
2710 2175 2894 2245 Papae
2938 2178 3038 2228 Ge-

370 2262 500 2312 lasii
536 2262 580 2312 Ι.
627 2259 979 2327 (492-496),
1016 2259 1206 2312 relatis
1243 2260 1300 2312 in
1356 2277 1400 2312 c.
1443 2260 1525 2312 10.
1565 2277 1643 2328 pr.
1685 2261 1741 2311 et
1778 2276 1821 2311 0.
1854 2258 1935 2311 12.
1975 2257 2039 2311 D.
2080 2257 2269 2311 XCVI.
2321 2257 2488 2311 Porro
2528 2274 2597 2309 ex
2637 2257 2813 2321 effat0‚
2853 2256 3037 2325 Papae

368 2342 587 2393 Joanni
623 2342 775 2393 VIII.
819 2338 1150 2408 (872-882)
1195 2339 1484 2409 adscriptO,
1525 2339 1666 2407 quod
1705 2338 1940 2391 refertur
1976 2338 2032 2391 in
2071 2356 2114 2392 0.
2160 2339 2240 2391 11.
2282 2337 2397 2391 ead.

554 2433 569 2464 ¹
610 2432 820 2499 Adam,
870 2429 1174 2483 Handbuch
1213 2430 1308 2482 der
1344 2436 1476 2483 rom.
1515 2429 1907 2493 Alterthiimer,
1944 2431 2073 2482 tom.
2114 2428 2154 2481 I.
2194 2446 2245 2497 p.
2286 2428 2438 2492 528.;
2495 2428 2711 2496 Briick,
2750 2425 3036 2479 Lehrbuch

369 2509 467 2562 der
503 2509 1079 2577 Kirchengeschichte,
1118 2510 1200 2563 ed.
1240 2509 1334 2564 IV.
1373 2510 1621 2576 Mogunt.
1664 2509 1818 2573 1888,
1857 2528 1909 2579 p.
1951 2509 2069 2563 129.
2109 2526 2191 2577 sq.

552 2601 572 2634 ²
609 2599 672 2652 Id
709 2599 852 2669 quod
888 2617 1020 2670 prae
1059 2598 1254 2652 ceteris
1293 2599 1473 2652 elucet
1510 2617 1539 2652 e
1580 2598 1926 2663 correctione,
1965 2615 2130 2668 quam
2154 2597 2401 2652 Ecclesia
2441 2596 2683 2651 decrevit
2720 2596 2864 2649 circa
2895 2595 3036 2667 juris

368 2680 579 2734 romani
628 2680 942 2735 institutum
969 2684 1439 2750 praescriptionis.
1514 2680 1655 2733 Nam
1707 2680 1834 2733 dum
1880 2680 1972 2749 jus
2022 2697 2304 2733 romanum
2354 2679 2550 2732 bonam
2601 2678 2763 2731 fidem
2799 2680 3034 2730 tantum-

372 2761 531 2813 modo
585 2761 642 2813 in
679 2761 1121 2831 praescriptionis
1161 2761 1380 2815 exordio
1417 2760 1785 2814 necessariam
1823 2778 1943 2814 esse
1960 2803 1972 2824 ,
2030 2763 2086 2813 et
2121 2758 2595 2830 supervenientem
2634 2757 2887 2827 deinceps
2924 2775 3035 2811 ma-

368 2841 481 2894 lam
519 2841 683 2894 fidem
732 2860 840 2895 non
876 2860 1069 2895 nocere
1121 2842 1400 2895 statuebat
1442 2840 1561 2909 (cfr.
1601 2860 1653 2894 v.
1694 2858 1747 2908 g.
1786 2841 1822 2894 l.
1861 2859 1950 2894 un.
2000 2840 2032 2907 ξ
2071 2840 2119 2894 3.
2162 2840 2288 2894 Cod.
2330 2841 2395 2893 de
2445 2857 2670 2908 usucap.
2722 2838 3033 2891 transform.

371 2921 492 2975 VII.
533 2922 648 2986 31.;
686 2922 723 2975 l.
767 2923 849 2976 10.
889 2940 968 2992 pr.
995 2921 1060 2976 D.
1103 2923 1167 2975 de
1205 2921 1648 2990 usurpationibus
1688 2924 1744 2974 et
1779 2920 2215 2990 usucapionibus.
2242 2920 2381 2975 XLI.
2411 2919 2506 2988 3.)‚
2544 2918 2808 2979 Ecclesia,
2847 2917 3035 2971 innixa

368 3002 534 3055 effato
575 3004 629 3055 S.
672 3004 836 3055 Pauli
871 3002 1121 3072 Apostoli
1162 3002 1337 3071 (Rom.
1370 3002 1451 3065 14,
1490 3002 1606 3055 23.;
1653 3002 1855 3067 „Omne
1894 3005 2093 3065 autem,
2132 3001 2275 3069 quod
2311 3018 2419 3054 non
2456 3003 2542 3053 est
2580 3018 2649 3053 ex
2685 2999 2806 3063 fide,
2846 3016 3033 3068 pecca-

364 3084 488 3135 tum
525 3081 668 3150 est“)
690 3123 703 3146 ,
755 3082 950 3136 bonam
987 3082 1148 3136 fidem
1184 3086 1298 3136 toto
1336 3081 1778 3152 praescriptionis
1815 3084 2057 3151 tempore
2095 3082 2387 3152 perdurare
2440 3081 2633 3134 debere
2672 3079 2872 3133 sanxit.
2949 3079 3033 3132 Ita

368 3162 675 3216 declaravit
702 3161 1000 3216 Concilium
1037 3162 1292 3230 generale
1318 3163 1568 3216 Lateran.
1596 3163 1690 3217 IV.
1730 3181 1779 3216 a.
1810 3163 1964 3226 1215,
2004 3165 2059 3215 et
2096 3165 2221 3232 post
2256 3161 2392 3214 illud
2417 3161 2569 3230 Papa
2602 3163 2897 3227 Greyorius
2931 3161 3030 3213 IX.

366 3260 485 3313 cap.
527 3244 612 3297 20.
651 3243 718 3297 Χ.
759 3243 825 3296 (10
862 3243 1203 3312 praescriptt.
1244 3243 1310 3296 II.
1351 3243 1435 3296 26.
1475 3273 1546 3279 -
1583 3243 1722 3295 Item
1759 3261 1788 3295 e
1827 3242 2187 3307 correctione,
2246 3259 2409 3310 quam
2447 3240 2694 3294 Ecclesia
2731 3239 3035 3293 introduxit

368 3322 428 3376 in
464 3323 682 3393 placitis
727 3323 870 3394 juris
907 3323 1114 3377 romani
1166 3323 1309 3376 circa
1360 3323 1650 3393 conjugum
1703 3323 1941 3376 officium
1992 3322 2293 3377 servandae
2342 3324 2469 3388 fidei
2506 3323 2816 3387 conjugalis.
2891 3319 3033 3371 Dum

367 3402 515 3455 0111111
560 3403 653 3473 jus
690 3422 1002 3468 romanum,
1054 3403 1379 3457 auctoritate
1425 3403 1804 3474 jurisconsulti
1844 3406 2146 3471 Papiniani
2202 3402 2259 3470 (l.
2300 3404 2347 3456 6.
2388 3402 2420 3468 ἓ
2463 3402 2507 3455 1.
2547 3400 2611 3454 D.
2652 3400 2737 3453 Ad
2773 3399 2879 3466 leg.
2921 3398 3031 3452 Jul.

375 3481 441 3535 de
480 3482 649 3536 adult.
675 3484 763 3538 48.
791 3483 865 3552 5.)
898 3488 953 3538 et
991 3484 1467 3538 constitutionibus
1505 3484 1899 3552 Imperatorum
1926 3486 2174 3552 Auyusti,
2215 3485 2461 3550 Septimii
2488 3483 2666 3534 Severi
2696 3478 3025 3547 (193—211)

366 3564 427 3615 et
451 3564 723 3616 Antonini
746 3566 1005 3618 Bassiani
1034 3567 1353 3619 Caracallae
1384 3562 1735 3632 (211—217)‚
1773 3563 1963 3616 relatis
1988 3563 2045 3616 in
2069 3562 2105 3617 1.
2131 3565 2177 3616 1.
2206 3564 2255 3616 2.
2298 3563 2425 3616 Cod.
2454 3561 2568 3615 eod.
2597 3563 2645 3614 9.
2675 3563 2741 3623 9.,
2769 3559 3031 3623 innixum,

368 3642 701 3695 consortium
757 3644 981 3698 sexuale
1020 3649 1211 3698 uxoris
1249 3646 1506 3712 (nuptae)
1527 3686 1543 3713 ,
1599 3643 1845 3715 habitum
1898 3661 2021 3697 cum
2069 3661 2406 3713 quocumque
2458 3642 2563 3696 alio
2614 3658 2763 3694 mare
2815 3643 3032 3709 praeter

370 3721 543 3792 ipsius
580 3722 836 3776 maritum
852 3765 864 3787 ,
917 3723 1035 3778 sive
1071 3729 1300 3779 uxorato
1339 3724 1457 3778 sive
1495 3725 1672 3778 soluto
1691 3766 1703 3788 ,
1755 3742 1852 3794 pro
1891 3724 2155 3778 adulterio
2207 3724 2443 3776 habebat
2480 3725 2535 3775 et
2572 3720 2898 3788 gravissime
2936 3738 3031 3789 pu-

372 3801 560 3855 niebat
579 3845 592 3867 ,
646 3803 976 3857 consortium
1014 3805 1237 3858 sexuale
1276 3809 1459 3858 autem
1495 3809 1619 3874 viri,
1657 3804 1905 3857 habitum
1943 3822 2066 3858 cum
2104 3803 2212 3857 alia
2248 3803 2449 3857 femina
2487 3805 2704 3872 praeter
2742 3801 2861 3871 ejus
2900 3819 3031 3854 uxo-

368 3900 501 3947 rem,
539 3882 755 3936 nonnisi
800 3887 932 3937 tunc
951 3925 963 3948 ,
1022 3901 1188 3952 quum
1239 3884 1375 3938 haec
1411 3885 1612 3938 femina
1665 3888 1814 3938 esset
1849 3893 2022 3952 nupta
2040 3925 2056 3953 ,
2112 3901 2457 3952 nequaquam
2493 3900 2640 3946 ver0,
2680 3898 2848 3949 quum
2886 3884 3033 3935 esset

363 3965 574 4034 soluta,
615 3967 671 4017 et
705 3963 806 4017 tali
841 3963 1053 4017 ratione
1089 3969 1223 4017 viris
1259 3965 1508 4018 luxuriae
1546 3966 1702 4019 frena
1738 3965 1995 4019 laxabat:
2048 3965 2310 4029 Ecclesia,
2348 3964 2536 4017 innixa
2572 3965 2861 4033 praecepto
2900 3964 3032 4015 Jesu

372 4045 575 4098 Christi
617 4044 836 4112 (Matth.
876 4047 924 4109 5,
964 4045 1079 4107 32.;
1135 4046 1216 4108 19,
1257 4047 1335 4108 9.;
1388 4045 1555 4099 Marc.
1597 4047 1681 4110 10,
1724 4046 1805 4098 11.
1851 4047 1961 4109 12.;
2014 4046 2143 4098 Luc.
2187 4046 2267 4110 16,
2309 4042 2416 4111 18.)
2475 4047 2529 4097 et
2576 4044 2736 4096 effato
2776 4042 2827 4094 S.
2870 4044 3033 4094 Pauli

367 4124 617 4194 Apostoli
659 4123 722 4192 (I.
765 4124 883 4178 Cor.
913 4126 961 4189 7,
989 4125 1037 4178 3.
1064 4123 1161 4192 4.),
1201 4142 1428 4193 quorum
1466 4129 1651 4178 tenore
1689 4128 1918 4193 uterque
1957 4126 2248 4196 conjugum
2285 4124 2405 4195 pari
2443 4122 2776 4178 districtione
2815 4122 2884 4174 ad
2921 4139 3030 4174 ser-

365 4205 604 4258 vandam
640 4204 802 4258 fidem
841 4205 1181 4275 conjugalem
1219 4204 1494 4271 obligatus
1532 4209 1645 4270 est,
1684 4205 1810 4258 illas
1849 4205 2262 4259 constitutiones
2294 4205 2435 4276 juris
2472 4202 2680 4262 romani
2717 4200 3032 4271 reprobavit

365 4285 426 4336 et
460 4285 650 4338 fideles
687 4303 816 4338 suos
867 4285 946 4338 eis
991 4284 1075 4338 uti
1125 4284 1338 4338 omnino
1389 4285 1583 4340 vetuit.
1658 4286 1722 4338 Id
1773 4285 2080 4339 enuntiavit
2128 4285 2271 4339 inter
2323 4289 2530 4339 ceteros
2571 4285 2625 4337 S.
2666 4285 3032 4349 Hieronymus

373 4362 481 4431 (Ad
520 4365 795 4418 Oceanum
835 4365 900 4418 de
938 4368 1110 4418 morte
1146 4364 1430 4430 Fabiolae,
1475 4365 1632 4435 epist.
1671 4365 1941 4420 LXXVII.
1982 4384 2097 4435 cap.
2139 4366 2213 4431 3.,
2254 4366 2390 4435 Opp.
2432 4364 2512 4418 ed.
2553 4366 2870 4417 Dominicus
2906 4363 3030 4414 Val-

365 4445 523 4513 larsi,
562 4445 761 4499 Veron.
805 4446 1175 4508 1734—1742,
1213 4448 1340 4498 tom.
1381 4446 1420 4498 I.
1461 4446 1558 4498 col.
1597 4446 1739 4509 455„
1779 4465 1849 4499 ex
1885 4449 2040 4516 parte
2080 4446 2243 4499 etiam
2280 4446 2336 4499 in
2375 4464 2417 4499 c.
2458 4446 2540 4498 19.
2580 4445 2665 4497 20.
2707 4442 2763 4495 C.
2805 4441 3027 4495 XXXH.

364 4541 457 4592 qu.
497 4523 592 4592 5.),
646 4525 851 4578 (1100115;
908 4525 1093 4592 „Aliae
1131 4528 1257 4578 sunt
1294 4526 1448 4593 leges
1488 4525 1799 4590 Caesarum,
1839 4526 1979 4580 aliae
2019 4526 2251 4590 Christi3
2304 4525 2453 4579 aliud
2489 4523 2840 4594 PapinianuS,
2880 4521 3029 4575 aliud

366 4604 574 4658 Paulus
609 4608 795 4658 noster
831 4605 1110 4675 praecipit.
1185 4605 1347 4675 Apud
1396 4605 1521 4659 illos
1574 4605 1671 4673 (sc.
1712 4605 2006 4674 Romanos)
2063 4606 2198 4661 viris
2242 4605 2611 4675 impudicitiae
2648 4604 2803 4656 frena
2840 4603 3027 4655 laxan-

361 4687 503 4738 tur.“
546 4716 616 4721 —-
661 4686 851 4755 „Apud
886 4704 984 4739 nos
1028 4685 1125 4753 (sc.
1167 4685 1549 4753 Christianos),
1592 4686 1752 4753 quod.
1774 4704 1881 4739 non
1917 4686 2046 4739 licet
2082 4686 2315 4750 feminis,
2354 4703 2526 4754 aeque
2563 4702 2670 4737 non
2706 4682 2837 4736 licet
2873 4681 3028 4747 viris,

363 4768 422 4819 et
472 4766 660 4819 eadem
711 4765 950 4820 servitus
1001 4764 1120 4836 pari
1171 4765 1474 4819 conditione
1526 4768 1823 4819 censetur.“
1867 4796 1937 4804 —
1975 4767 2143 4819 Immo
2190 4767 2305 4837 jam
2345 4768 2400 4819 S.
2442 4767 2758 4818 Ambrosius
2814 4763 2891 4831 (in
2929 4779 3026 4815 suo
