3355 5328
352 289 462 344 244
950 287 1254 358 Appendix.
1329 285 1662 341 Introductio
1699 284 1757 338 in
1794 285 1950 355 Corp.
1984 285 2090 355 jur.
2132 284 2236 338 civ.
2275 302 2405 338 rom.

534 449 713 526 Quae
761 447 1059 513 collectio
1100 447 1267 531 juris
1313 446 1567 513 romani
1627 446 1900 530 proinde
1960 446 2220 529 publica
2279 466 2396 510 seu
2442 444 2823 510 authentica
2867 443 3016 510 fuit.

354 546 610 612 Dicitur
659 548 868 611 Codex
932 547 1425 610 Theodosiana&
3012 547 3016 551 ’

534 644 865 710 Dividitur
924 643 991 707 in
1052 642 1335 708 sedecim
1395 643 1621 724 libros,
1690 662 1962 723 quorum
2026 641 2307 724 quinque
2366 641 2618 725 priores
2679 638 3022 706 continent

356 742 858 809 constitutiones
902 740 1362 824 imperatorias
1381 791 1395 819 ,
1447 741 1530 805 ad
1564 742 1680 824 jus
1717 743 2047 824 privatum
2092 740 2532 823 pertinenteS,
2587 739 2738 804 libri
2783 738 3022 821 reliqui

355 861 562 922 usque
595 841 677 905 ad
708 840 817 905 lib.
853 839 994 904 XV.
1029 839 1176 904 incl.
1214 859 1346 916 eas,
1397 859 1565 920 quae
1598 838 1684 902 ad
1717 841 1833 921 jus
1854 836 2186 922 publicum
2224 841 2546 921 spectant,
2595 840 2664 903 et
2695 837 2804 903 lib.
2838 837 3018 902 XVI.

354 939 523 1017 illas,
575 959 743 1020 quae
792 938 874 1001 ad
921 957 1238 1020 personas
1285 940 1353 1003 et
1399 957 1506 1001 res
1554 935 2034 1001 ecclesiasticas
2078 936 2430 1019 pertinent.

537 1035 788 1117 Singuli
818 1034 967 1099 libri
991 1034 1493 1099 subdividuntur
1515 1033 1583 1097 in
1614 1037 1845 1116 tit-ulca
1878 1033 2313 1116 peculiaribus
2341 1035 2614 1098 rubricis
2629 1023 3019 1110 instructos,

354 1134 423 1199 in
455 1134 686 1217 quibus
719 1133 1018 1215 singulae
1051 1132 1553 1198 constitutiones
1599 1131 2063 1215 imperatoriae
2103 1130 2327 1196 ordine
2361 1130 2837 1212 chronologic0‚
2886 1129 3022 1195 uti-

358 1254 482 1314 que
521 1235 744 1297 autem
774 1231 950 1296 haud
980 1251 1130 1296 raro
1162 1234 1480 1308 mutatae,
1531 1235 1600 1296 et
1630 1230 2023 1313 praesertim
2062 1229 2503 1307 abbreviatae,
2551 1229 2808 1312 positae
2840 1232 3020 1294 sunt.

536 1330 739 1396 Citari
786 1329 1006 1394 Codex
1051 1329 1162 1393 ille
1207 1329 1331 1392 hoc
1376 1329 1568 1393 modo
1616 1328 1804 1394 solet.
1885 1328 1964 1393 V.
2015 1349 2115 1409 g.:

534 1429 605 1494 L.
656 1427 819 1509 (lex)
866 1449 973 1492 un.
1022 1427 1173 1493 Cod.
1224 1426 1518 1492 Theod.¹
1569 1427 1649 1491 de
1696 1446 1988 1509 respons,
2037 1427 2448 1509 prudentum.
2571 1433 2574 1436 ’

538 1527 602 1591 C.
653 1524 1089 1607 (constitutio)
1143 1528 1198 1590 1.
1249 1525 1399 1591 Cod.
1450 1524 1693 1589 Theod.
1744 1524 1848 1588 Ne
1894 1545 2152 1589 sacrum
2199 1524 2526 1607 baptisma
2571 1523 2867 1590 iteretur.

536 1623 810 1689 Numeri
857 1625 1007 1688 libri
1053 1627 1122 1687 et
1167 1626 1352 1705 tituli,
1401 1622 1469 1687 in
1516 1623 1750 1704 quibus
1795 1624 1976 1688 locus
2020 1623 2261 1688 citatus
2310 1622 2611 1700 occurrit,
2662 1621 3025 1703 quaerendi

358 1726 513 1787 sunt
557 1722 625 1785 in
671 1721 881 1785 indice
926 1720 1331 1785 rubricarum
1377 1721 1721 1786 titulorum
1769 1721 2180 1804 alphabetico
2200 1771 2214 1798 ,
2278 1720 2388 1802 qui
2441 1720 2590 1785 huic
2638 1719 2853 1785 Codici
2902 1720 3025 1784 ad-

361 1821 534 1887 ditus
582 1823 701 1885 est.
796 1818 1147 1895 Quaeritur
1192 1822 1413 1884 autem
1460 1819 1527 1883 in
1573 1819 1697 1884 hoc
1743 1819 1953 1883 indice
2000 1819 2229 1883 eadem
2276 1818 2552 1896 ratione,
2602 1818 2700 1883 uti
2744 1818 2867 1883 hoc
2914 1839 3026 1882 re-

359 1922 589 2002 spectu
636 1938 833 2000 supra
864 1915 953 1999 (p.
995 1919 1137 1982 100.
1173 1916 1344 1999 sqq.)
1393 1917 1473 1981 de
1519 1917 2009 1982 collectionibus
2058 1917 2482 1983 decretalium
2515 1917 2815 1982 diximus,
2879 1915 3026 1992 Qua

359 2016 614 2083 ratione
645 2037 763 2099 pro
794 2014 996 2098 priori
1029 2015 1232 2082 citato
1265 2015 1598 2081 invenitur
1621 2015 1730 2081 lib.
1759 2016 1808 2081 I.
1843 2016 1945 2081 tit.
1976 2018 2059 2093 4.,
2092 2036 2212 2098 pro
2246 2016 2457 2080 altero
2490 2015 2597 2081 lib.
2625 2015 2798 2080 XVI.
2826 2014 2930 2079 tit.
2956 2017 3020 2080 6.

536 2112 912 2179 Recentiori
970 2117 1296 2196 tempore
1329 2118 1550 2179 autem
1611 2113 1865 2179 numeri
1926 2115 2075 2178 libri
2122 2118 2189 2179 et
2249 2115 2416 2178 tituli
2456 2113 2594 2197 jam
2641 2112 2762 2196 ipsi
2812 2112 3022 2179 citato

363 2212 603 2295 apponi
650 2212 881 2277 solent.
1801 2229 1807 2237 ·

539 2311 721 2375 Inter
767 2309 1085 2374 editiones
1132 2308 1382 2373 Codicis
1429 2309 1865 2374 Theodosiani
1925 2330 2086 2392 prae
2137 2309 2374 2374 ceteris
2432 2308 2854 2374 memoranda
2917 2312 3025 2373 est

359 2408 500 2486 illa,
551 2428 717 2490 quae
766 2428 911 2471 cum
957 2407 1296 2490 praeclaro
1346 2407 1812 2472 commentario
1853 2406 2303 2490 jurisconsulti
2350 2408 2576 2472 Jacob&
2624 2406 3023 2491 Gothofredi‚

360 2505 579 2589 patria
627 2505 1025 2571 Genevensis
1074 2503 1144 2586 (†
1182 2505 1379 2588 1652)
1407 2503 1451 2584 ²,
1502 2526 1658 2570 cura
1698 2505 2146 2589 jurisconsulti
2197 2504 2397 2583 Galli,
2449 2505 2709 2570 nomine
2753 2506 3027 2570 Antonii

363 2607 661 2672 Marvesslle
687 2599 729 2687 ³,
778 2603 1020 2687 prodiit
1052 2604 1359 2688 Luyduni
1398 2605 1586 2682 1665,
1638 2608 1705 2670 et
1743 2603 2001 2682 iterum,
2052 2625 2209 2669 cura
2239 2604 2430 2670 Joan.
2465 2605 2762 2669 Danielis
2791 2604 3023 2689 Rider,

362 2703 620 2787 Lipsiae
673 2704 842 2767 1736
892 2723 1067 2784 sqq.,
1122 2704 1160 2765 6
1208 2702 1360 2767 voll.
1424 2702 1491 2766 in
1538 2701 1685 2779 fol..
1749 2703 1867 2766 sub
1928 2701 2155 2768 titulo:
2231 2703 2486 2780 „Codex
2533 2702 3028 2767 Theodosianus

363 2824 509 2868 cum
572 2804 888 2884 perpetuo
914 2800 940 2836 ⁴
1010 2800 1477 2864 commentario
1537 2800 1767 2865 Jacobi
1832 2801 2271 2866 (1011ιοὶ16111]ι
2374 2801 2579 2866 Porro
2639 2800 2752 2865 illa
2822 2799 3027 2866 editio

362 2901 552 2984 hujus
618 2897 867 2963 Codicis
933 2894 1099 2978 (sine
1164 2898 1698 2981 commentario),
1773 2919 1939 2980 quae
2006 2920 2162 2963 cura
2230 2899 2518 2982 praefati
2574 2897 3031 2982 jurisconsulti

366 3000 633 3063 Gustavi
680 2998 926 3060 Haenel
971 2995 1213 3078 prodiit
1253 2996 1521 3061 Bonnae
1561 2998 2017 3075 1837-1842,
2069 2997 2187 3061 sub
2232 2997 2461 3063 titulo:
2522 2996 2775 3076 „Codex
2809 2996 3026 3061 Theo-

368 3094 693 3161 dosianus.
788 3093 1110 3158 Instruxit
1160 3095 1480 3159 Gustavus
1527 3095 1831 3160 Haenel.“
1869 3095 1893 3133 5

432 3296 471 3382 ξ
519 3295 608 3364 13.
700 3296 1008 3364 Novellae
1058 3297 1557 3365 constitutiones
1606 3297 2096 3364 Theodosianae
2145 3299 2212 3364 et
2257 3296 2950 3364 Posttheodosianaess.

546 3458 765 3524 Etiam
813 3463 962 3541 post
1007 3457 1406 3541 publicatum
1456 3479 1513 3523 a.
1565 3460 1694 3522 438
1734 3456 2033 3521 Codicem
2080 3457 2448 3540 Imperator
2502 3459 2884 3522 Theodosius
2930 3459 3026 3524 Π.

365 3556 586 3639 plures
619 3556 1117 3622 constitutiones
1151 3556 1369 3621 edidit.
1442 3555 1623 3620 Idem
1659 3555 1959 3621 fecerunt
2008 3555 2145 3638 ejus
2177 3575 2587 3620 successores
2633 3555 2700 3619 in
2734 3554 3027 3635 Oriente,

367 3658 507 3719 tum
557 3655 757 3720 etiam
789 3654 1229 3737 Imperatores
1263 3653 1653 3719 Occidentis,
1722 3653 1900 3729 Quae
1933 3653 2433 3718 constitutiones
2468 3653 2682 3719 dictae
2713 3657 2866 3719 sunt
2898 3655 3028 3719 No·

368 3753 561 3816 vellae
585 3751 653 3832 (i.
681 3773 735 3817 e.
765 3752 1264 3818 constitutiones
1288 3752 1733 3835 posteriores).
1798 3751 1991 3829 QuaS‚
2028 3756 2094 3817 et
2118 3750 2502 3816 nominatim
2528 3751 2787 3833 quidem
2810 3752 3030 3835 Impe-

370 3849 609 3913 ratoris
651 3851 980 3914 Theodosii
1012 3851 1124 3934 11.,
1157 3852 1593 3915 Valentiniani
1625 3851 1776 3934 HL,
1825 3851 2100 3914 Maaeimi
2132 3847 2339 3931 (455),
2388 3852 2747 3934 Majoriani
2778 3848 2931 3930 (457
2960 3873 3025 3916 11.

372 3947 456 4011 ad
489 3947 667 4030 461),
702 3949 877 4012 Libii
902 3950 1115 4014 Severi
1140 3947 1548 4031 (461—465)
1582 3952 1650 4014 et
1673 3949 1997 4013 Anthemii
2023 3944 2453 4031 (467—472),
2488 3968 2635 4013 cum
2668 3947 2812 4013 aliis
2846 3953 3032 4014 octo-

553 4115 570 4148 ¹
611 4112 760 4177 Quae
797 4131 935 4166 vox:
982 4115 1174 4166 Theod.
1215 4112 1340 4166 addi
1375 4113 1552 4177 debet,
1592 4116 1863 4182 quatenus
1891 4113 2074 4167 Codex
2109 4113 2203 4166 1116
2241 4131 2274 4166 a
2313 4112 2507 4166 Codice
2545 4112 2892 4182 Imperatoris
2931 4112 3031 4167 Ju-

371 4192 592 4247 stiniani
631 4193 1015 4260 distinguatur.

554 4276 571 4307 ²
611 4275 823 4342 Jocher,
862 4273 1095 4340 Allgem.
1136 4273 1715 4337 Gelehrten-Lexikon,
1752 4277 1880 4327 tom.
1921 4274 1987 4327 II.
2028 4274 2127 4328 col.
2170 4274 2353 4338 1091.;
2393 4275 2570 4343 Huqo,
2609 4272 2894 4327 Lehrbuch
2932 4273 3032 4326 der

373 4352 701 4407 Geschichte
739 4354 833 4406 des
869 4352 1176 4406 romischen
1212 4354 1416 4407 Rechts
1454 4354 1560 4408 seit
1597 4352 1889 4417 Justinian‚
1929 4355 2010 4407 ed.
2049 4354 2142 4407 ΠΙ.
2183 4354 2359 4407 Berol.
2403 4354 2556 4417 1830,
2593 4371 2645 4423 p.
2686 4353 2806 4406 355.
2846 4369 2967 4421 sqq.

556 4434 575 4466 ³
614 4435 811 4487 Jocher
846 4433 882 4486 l.
923 4451 968 4487 c.
1008 4436 1136 4487 tom.
1177 4434 1272 4487 III.
1312 4435 1411 4488 col.
1455 4435 1603 4497 149.;
1644 4437 1804 4501 Huqo
1842 4434 1877 4487 l.
1917 4452 1962 4488 6.
2003 4453 2053 4504 p.
2095 4435 2215 4488 357.
2254 4437 2364 4488 not.
2406 4434 2454 4487 3.

551 4515 575 4548 4
611 4514 652 4566 I.
692 4532 737 4567 e.
777 4512 1085 4568 continente
1123 4531 1222 4566 seu
1258 4514 1527 4578 continu0,
1562 4532 1726 4582 yerm.
1744 4534 1762 4567 :
1797 4514 1899 4568 mit
1936 4514 2371 4568 fortlaufendem.

555 4596 573 4628 ⁵
610 4593 673 4645 In
700 4594 932 4663 Corpore
953 4592 1094 4663 juris
1120 4593 1330 4647 romani
1354 4592 1801 4664 Antejustiniani,
1830 4594 1912 4647 ed.
1940 4595 2160 4648 Bonnae
2190 4594 2323 4648 1841
2356 4611 2493 4662 sqq„
2532 4594 2768 4647 refertur
2791 4595 2937 4663 tomo
2958 4592 3030 4646 ΙΙ.

555 4674 574 4709 6
612 4674 892 4741 Kar-lewa,
929 4673 1219 4727 Romische
1257 4673 1797 4740 Rechtsgeschichte‚
1836 4692 1887 4744 p.
1927 4675 2047 4728 964.
2089 4692 2237 4743 sqq.;
2292 4676 2527 4742 Kr1‘29e7·‚
2568 4671 2894 4728 Geschichte
2933 4673 3031 4726 der

376 4752 605 4818 Quellen
641 4754 750 4805 und
788 4752 1088 4807 Litteratur
1126 4755 1221 4808 des
1258 4762 1390 4808 rom.
1430 4753 1653 4819 Rechts,
1694 4772 1744 4823 p.
1785 4755 1905 4808 291.
1945 4772 2065 4824 sqq.

304 4948 397 5007 “x
