3355 5328
411 308 518 363 272
1006 312 1312 383 AppendiX.
1386 314 1720 370 Introductio
1757 316 1814 370 in
1854 315 2008 387 Corp.
2042 318 2148 388 jur.
2188 318 2291 372 civ.
2331 337 2462 373 rom.

411 473 617 538 donec
661 473 751 537 ibi
797 473 949 539 inde
1010 476 1092 539 ab
1152 475 1363 539 altero
1412 475 1676 542 dimidio
1739 499 1908 544 saec.
1958 479 2197 545 XVIII.
2259 480 2625 563 peculiares
2673 482 2929 547 codices
2977 484 3068 549 ci-

408 570 574 636 viles
634 572 938 638 adornati
999 576 1068 639 et
1111 572 1425 656 publicati
1471 578 1656 652 sunt,
1725 576 1822 640 uti
1868 598 1931 642 V.
1981 597 2044 658 g.
2111 577 2179 641 in
2225 577 2541 643 Borussia
2600 600 2659 645 a.
2716 582 2885 646 1794
2947 582 3065 646 sub

407 668 636 735 titulo:
698 672 1112 755 Allqemeines
1172 672 1574 757 Landrecht,
1640 672 1707 737 in
1757 674 1971 739 Gallia
2018 696 2076 740 a.
2133 677 2303 741 1803
2351 698 2484 759 sq.:
2549 677 2717 743 Code
2761 681 2937 763 civil,
2997 679 3066 744 in

409 767 683 833 Austria
731 789 790 834 a.
846 770 1049 833 1811:
1100 770 1514 854 Allyemeines
1561 771 1985 856 bilryerliches
2032 774 2416 840 Gesetzbuch
2446 772 2485 841 ¹.

586 874 770 950 Quod
821 876 929 958 jus
991 876 1181 941 civile
1226 898 1567 942 romanum
1613 878 2098 945 Justinianeum
2118 931 2131 958 ,
2196 886 2521 963 quatenus
2559 884 2709 965 jure
2756 884 3063 950 canonico

407 972 824 1038 emendatum
871 978 939 1039 et
985 994 1025 1038 a
1070 974 1551 1057 professoribus
1590 976 1759 1059 juris
1790 977 2310 1043 Bononiensibus
2357 980 2721 1061 glossatum
2770 986 2967 1064 atque
2998 982 3066 1047 in

407 1069 757 1135 Germania
820 1093 939 1155 pro
993 1072 1141 1154 jure
1192 1073 1515 1138 communi
1562 1078 1899 1158 receptum
1947 1078 2051 1141 est
2073 1126 2087 1155 ,
2159 1078 2285 1141 Jus
2333 1080 2807 1163 pandectarum
2868 1078 3066 1160 (Pan-

406 1168 885 1251 dektenrecht),
934 1170 1041 1234 vel
1081 1170 1280 1236 etiam
1313 1173 1677 1238 Pandectae
1710 1175 1890 1256 juris
1937 1176 2138 1239 civilis
2169 1179 2442 1260 romani,
2492 1197 2528 1241 e
2577 1181 2807 1243 contra
2853 1177 3065 1261 ipsum

396 1412 671 1483 judicibus
691 1456 704 1477 ‚
760 1414 817 1468 in
853 1415 1228 1470 Universitate
1266 1415 1591 1470 Bononiensi
1646 1415 1827 1486 ipsum
1866 1417 2071 1471 edoctis
2088 1460 2101 1481 ‚
2156 1417 2214 1470 in
2264 1418 2423 1488 praxi
2472 1420 2673 1474 forensi
2713 1420 3061 1491 applicatum,

401 1494 497 1546 sed
554 1493 719 1547 etiam
774 1495 841 1548 ab
896 1496 1032 1566 ipsis
1086 1496 1510 1566 Imperatoribus
1531 1539 1543 1560 ,
1602 1496 1696 1565 qui
1751 1515 1810 1550 se
1866 1515 2211 1552 successores
2268 1499 2614 1567 antiquorum
2670 1502 3063 1571 Imperatorum

400 1571 764 1627 Romanorum
780 1617 792 1639 ‚
847 1574 1188 1629 Constantini
1225 1576 1437 1643 Magni,
1495 1577 1866 1631 Valentiniani
1884 1620 1897 1641 ‚
1951 1578 1984 1631 J
1987 1578 2249 1632 ustiniani
2287 1582 2344 1633 et
2378 1580 2710 1649 reliquorum
2727 1624 2739 1646 ‚
2790 1582 3066 1638 habebant

400 1655 457 1705 et
508 1654 922 1708 constitutiones
973 1673 1102 1709 suas
1153 1656 1613 1711 continuationem
1664 1657 2028 1725 legislationis
2079 1658 2298 1713 illorum
2349 1660 2740 1716 existimabant
2754 1704 2768 1728 ,
2820 1666 2878 1717 et
2912 1682 3063 1733 prae-

399 1732 590 1785 sertim
628 1733 847 1801 quidem
885 1753 917 1788 a
954 1737 1241 1789 Friderico
1279 1739 1343 1805 I.,
1382 1737 1595 1807 publice
1635 1741 1692 1791 et
1728 1738 2042 1791 solemniter
2078 1757 2174 1808 pro
2212 1739 2336 1807 lege
2375 1740 2622 1808 agnitum
2659 1745 2759 1796 est.
2835 1743 2919 1796 Ita
2956 1744 3058 1797 Im-

398 1816 617 1883 perator
653 1815 972 1869 Fridericus
1009 1818 1054 1869 I.
1105 1815 1163 1869 in
1209 1816 1593 1870 constitutione
1645 1835 1745 1870 sua
1793 1818 1857 1871 de
1910 1817 2063 1871 bonis
2114 1819 2432 1873 clericorum
2483 1820 2551 1873 ab
2608 1838 2655 1874 a.
2700 1822 2837 1875 1165
2897 1822 3061 1893 (apud

402 1895 575 1962 Pertz‚
613 1894 965 1949 Monumenta
1003 1895 1182 1950 Germ.
1222 1896 1350 1950 hist.
1390 1897 1520 1964 Leg.
1559 1901 1688 1951 tom.
1715 1898 1783 1951 II.
1824 1916 1874 1968 p.
1907 1898 2048 1966 139.)
2093 1898 2198 1952 ait:
2245 1899 2386 1964 „Nos
2426 1942 2437 1953 .
2480 1942 2491 1952 .
2534 1942 2543 1952 .
2585 1902 3063 1969 praedecessorum

398 1977 704 2027 nostrorum
746 1975 993 2029 divorum
1030 1977 1415 2046 imperatorum
1435 2020 1447 2042 ,
1499 1976 1689 2045 Magni
1728 1977 2072 2032 Constantini
2122 1979 2382 2032 videlicet
2432 1982 2489 2033 et
2526 1980 2559 2033 J
2562 1980 2826 2035 ustiniani
2864 1986 2921 2036 et
2956 1984 3062 2037 Va-

398 2053 688 2108 lentiniani
704 2097 715 2118 ,
772 2074 872 2110 nec
908 2074 1016 2110 non
1051 2057 1240 2111 Karoli
1278 2061 1334 2111 et
1368 2057 1660 2117 Ludowici.
1699 2058 1954 2125 vestigiis
1989 2058 2335 2113 inhaerentes
2374 2062 2430 2113 et
2465 2078 2652 2115 sacras
2687 2061 2842 2129 leges
2881 2081 3063 2118 eorum

397 2137 661 2203 tanquam
700 2135 885 2196 divina
910 2138 1130 2191 oracula
1154 2140 1511 2202 venerantes“
1555 2141 1659 2192 cet.
1716 2139 1899 2207 Atque
1936 2139 1994 2191 in
2030 2157 2130 2192 sua
2168 2139 2504 2194 ordinatione
2541 2158 2637 2194 seu
2676 2142 3062 2197 constitutione

397 2218 586 2268 contra
622 2215 980 2271 incendiarios
1017 2218 1085 2271 ab
1123 2236 1171 2271 a.
1216 2218 1350 2272 1187
1396 2217 1562 2288 (apud
1601 2221 1759 2272 Pertz
1808 2218 1844 2271 l.
1883 2236 1928 2272 c.
1968 2237 2019 2288 p.
2064 2219 2205 2286 185.)
2250 2220 2315 2273 de
2352 2220 2456 2274 hac
2494 2220 2645 2291 ipsa:
2709 2221 2927 2287 „Eam“,
2980 2223 3058 2276 in·

399 2295 534 2363 quit,
580 2295 822 2363 „legibus
859 2297 1336 2367 praedecessorum
1387 2301 1696 2352 nostrorum
1732 2298 2120 2368 imperatorum
2171 2305 2336 2368 atque
2373 2318 2565 2367 regum
2598 2301 2863 2371 jussimus
2899 2303 3061 2357 inter·

398 2375 507 2428 seri
559 2379 615 2429 et
650 2380 911 2447 perpetuo
943 2378 1066 2448 jure
1103 2378 1361 2432 servari.“
1440 2379 1609 2432 Porro
1647 2379 1754 2433 huc
1791 2378 2029 2449 pertinet
2077 2379 2273 2433 similis
2325 2380 2641 2435 constitutio
2680 2382 2923 2453 ejusdem
2961 2385 3058 2437 Im·

398 2455 664 2523 peratoris
702 2458 980 2511 Friderici
1016 2460 1060 2512 I.
1100 2459 1167 2511 ab
1207 2476 1254 2512 a.
1298 2460 1435 2512 1172
1479 2458 1592 2527 (vel
1629 2459 1812 2529 potius
1852 2461 1919 2514 ab
1958 2478 2007 2514 a.
2051 2459 2232 2528 1162),
2275 2460 2334 2514 in
2376 2462 2659 2531 Oanoiani,
2697 2462 3056 2517 Barbarorum

396 2534 550 2602 leges
601 2536 888 2605 antiquae,
945 2538 1028 2592 ed.
1079 2539 1272 2592 Venet.
1330 2540 1462 2593 1781
1517 2557 1669 2608 sqq.,
1726 2540 1833 2594 vol.
1885 2540 1952 2594 V.
2005 2558 2057 2609 p.
2109 2541 2195 2595 47.
2235 2558 2317 2609 sq.
2340 2581 2354 2605 ,
2403 2559 2512 2598 ,nec
2560 2560 2669 2596 non
2718 2542 2776 2596 in
2828 2542 3061 2598 editione

401 2614 651 2686 Corporis
696 2618 803 2689 jur.
856 2617 1002 2673 civil.
1041 2621 1356 2690 stereotypa
1371 2662 1384 2685 ,
1437 2637 1567 2674 cura
1599 2620 2111 2691 jurisconsultorum
2150 2623 2395 2691 Krieqel,
2448 2624 2767 2677 Herrmann
2805 2625 2862 2677 et
2903 2625 3061 2677 Oeen-

399 2698 632 2765 briquen
683 2698 828 2768 Lips.
872 2700 1007 2754 1833
1046 2717 1165 2768 sqq.
1219 2700 1513 2767 evulgata,
1569 2700 1676 2755 vol.
1715 2702 1810 2754 ΠΙ.
1863 2720 1914 2771 p.
1967 2702 2089 2755 886.
2141 2701 2227 2755 tit.
2266 2702 2360 2756 IV.
2414 2703 2682 2768 adducta,
2737 2720 2900 2771 quam
2950 2721 3059 2756 me-

398 2781 577 2832 morat
627 2779 791 2832 etiam
829 2782 1069 2849 Fittiny,
1125 2780 1227 2833 Die
1263 2780 1517 2848 Anfange
1571 2782 1665 2834 der
1702 2781 2099 2835 Rechtsschule
2149 2801 2217 2835 zu
2267 2782 2542 2850 Bologna,
2593 2802 2643 2853 p.
2686 2783 2818 2843 109.
2853 2786 2962 2835 not.
3001 2782 3056 2836 h.

397 2858 531 2912 Illae
568 2863 753 2930 partes
803 2859 943 2930 juris
981 2860 1161 2914 civilis
1197 2861 1405 2915 romani
1442 2864 1624 2914 autem
1646 2903 1659 2925 ‚
1713 2879 1852 2930 quae
1903 2880 1934 2915 a
1985 2861 2381 2931 professoribus
2419 2860 2843 2917 Bononiensibus
2895 2879 3058 2930 expo-

397 2938 537 2993 sitae
575 2943 629 2993 et
668 2939 944 3006 glossatae
980 2958 1086 2993 non
1123 2944 1253 2994 sunt
1295 2940 1412 3009 (eas
1448 2941 1619 2995 refert
1655 2944 1893 3010 Armua,
1931 2941 2216 2995 Lehrbuch
2256 2943 2352 2996 der
2387 2942 2733 3005 Pandekten,
2786 2941 2869 2995 ed.
2907 2941 3058 2996 xm.

399 3019 692 3086 Stuttgart.
737 3020 873 3075 1886
892 3061 904 3084 ,
955 3020 988 3087 ἓ
1026 3021 1076 3075 2.
1115 3024 1225 3075 not.
1267 3020 1340 3089 3.)
1363 3064 1375 3086 ,
1413 3021 1470 3074 in
1509 3021 1802 3076 Germania
1837 3022 1953 3075 vim
1989 3021 2129 3089 legis
2166 3040 2273 3075 non
2310 3022 2676 3077 obtinuerunt.
2747 3022 2906 3076 Unde
2943 3026 3065 3077 orta

399 3103 486 3154 est
536 3099 727 3154 dictio:
782 3102 974 3168 „Quod
1011 3119 1121 3154 non
1161 3105 1398 3169 aqnoscit
1444 3105 1621 3169 ylossa
1635 3130 1652 3170 ‚·
1704 3119 1814 3156 non
1851 3106 2090 3170 aynoscit
2128 3101 2338 3157 curia.“
2394 3102 2681 3172 (Saviqny‚
2734 3102 3063 3157 Geschichte

400 3181 496 3234 des
520 3188 653 3234 rom.
680 3181 886 3235 Rechts
924 3180 999 3234 im
1024 3181 1364 3246 Mittelalter,
1402 3185 1532 3236 tom.
1559 3182 1653 3235 HI.
1693 3200 1727 3251 p
1771 3183 1924 3246 420.;
1963 3201 2014 3252 p.
2043 3183 2164 3236 588.
2193 3182 2298 3251 sq.)
2353 3183 2550 3236 Partes
2582 3183 2723 3253 juris
2762 3182 2942 3236 civilis
2978 3201 3061 3241 roe

398 3260 561 3325 mani,
599 3260 678 3315 ita
715 3260 773 3314 in
799 3261 1090 3315 Germania
1127 3280 1223 3332 pro
1256 3262 1379 3333 jure
1417 3261 1568 3316 civili
1592 3265 1863 3332 receptae,
1900 3280 2010 3315 una
2036 3280 2161 3316 cum
2185 3262 2559 3332 spectantibus
2598 3263 2667 3316 ad
2694 3280 2788 3316 eas
2815 3262 3055 3333 partibus

401 3340 652 3411 Corporis
683 3341 823 3412 juris
862 3342 1120 3407 canonici,
1159 3341 1419 3396 videlicet
1454 3343 1686 3396 Decreta>
1713 3341 1978 3406 Gratiani,
2016 3343 2393 3396 Decretalibus
2432 3342 2616 3411 Papae
2656 3342 2911 3410 Gregorii
2947 3341 3051 3405 IX„

397 3421 559 3474 Libro
611 3422 777 3475 Sexto
815 3421 999 3492 Papae
1036 3423 1305 3477 Bonifacii
1340 3423 1488 3478 VIII.
1546 3426 1600 3476 et
1640 3422 2127 3476 Constitutionibus
2165 3423 2348 3493 Papae
2388 3421 2682 3475 Clementis
2719 3423 2807 3487 V.‚
2848 3455 2916 3462 —
2953 3422 3053 3476 col·

399 3501 722 3556 lectionibus
749 3502 962 3570 Viginti
985 3502 1484 3571 Extravagantium
1507 3504 1693 3573 Papae
1728 3502 1763 3556 J
1765 3503 1955 3556 oannis
1980 3502 2154 3557 XXII.
2194 3506 2357 3571 atque
2384 3501 2884 3570 Extravagantium
2922 3520 3060 3558 com-

399 3583 644 3636 munium
697 3585 938 3652 exclusiS,
976 3613 1046 3621 —-
1084 3583 1338 3638 vocibus:
1378 3587 1477 3652 jus
1513 3601 1786 3636 commune
1827 3582 2126 3651 (gemeines
2162 3582 2360 3649 Recht)
2404 3585 2460 3636 et
2499 3585 2597 3650 jus
2645 3587 2906 3652 scriptum
2947 3582 3061 3651 (ge-

400 3663 747 3718 schriebenes
785 3664 990 3729 Recht,
1042 3664 1207 3718 etiam
1256 3664 1314 3718 in
1365 3681 1589 3718 numero
1639 3662 1872 3734 plurali:
1926 3664 2312 3731 geschriebene
2350 3662 2581 3730 Rechte)
2628 3663 2902 3730 designari
2939 3681 3061 3716 con-

399 3747 713 3797 sueverunt.
769 3743 877 3798 Cfr.
916 3745 1024 3798 huc
1060 3762 1338 3798 recessum
1376 3744 1595 3815 Imperii
1632 3744 1700 3797 ab
1740 3762 1788 3797 a.
1831 3744 1968 3797 1342
2012 3743 2178 3814 (apud
2214 3745 2623 3813 EmminyhauS‚
2665 3742 2869 3813 Corpus
2908 3742 3060 3796 Juris

400 3823 710 3879 Germanici
745 3827 861 3878 tam
896 3824 1101 3894 publici
1138 3842 1301 3893 quam
1338 3824 1542 3895 privati
1579 3824 1976 3888 academicum,
2029 3825 2111 3877 ed.
2150 3824 2217 3878 II.
2260 3824 2431 3877 Jenae
2472 3824 2611 3878 1844
2647 3841 2784 3892 sqq„
2834 3825 2973 3891 part.
3014 3824 3055 3888 I,

399 3922 450 3974 p.
479 3904 610 3973 58.).
661 3905 830 3958 Porro
869 3905 1111 3958 ordinem
1146 3923 1435 3975 processus
1473 3907 1766 3958 tribunalis
1795 3906 2051 3958 Gamerae
2089 3906 2316 3972 Imperii
2346 3901 3051 3972 (Reichskammergericht)

399 3985 466 4038 ab
506 4003 553 4038 a.
596 3986 734 4039 1495
779 3984 944 4054 (apud
980 3988 1222 4054 Bockinq
1256 3986 1292 4040 1.
1332 4004 1379 4040 c.
1417 3988 1546 4039 tom.
1584 3986 1625 4039 Ι.
1665 4004 1717 4055 p.
1761 3985 1880 4038 114.
1919 4002 2000 4053 sq.
2039 3986 2150 4037 not.
2191 3984 2321 4052 76.).
2396 3984 2687 4037 Praeterea
2736 3980 3052 4052 propositio-

397 4084 538 4129 nem,
577 4083 609 4119 a
637 4065 911 4119 Cardinali
937 4069 1206 4119 Alamano
1233 4068 1500 4120 Adimaro
1524 4065 1582 4119 in
1607 4064 1845 4119 Concilio
1875 4064 2275 4119 constantiensi
2301 4066 2504 4118 factam
2532 4063 2758 4130 (Hardt‚
2793 4061 3058 4128 Magnum

398 4164 672 4200 oecumen.
702 4145 983 4199 Constant.
1013 4146 1329 4211 Concilium,
1369 4147 1450 4200 ed.
1478 4147 1727 4199 Francos.
1768 4147 1824 4199 et
1847 4145 1992 4215 Lips.
2024 4145 2161 4199 1699
2187 4162 2288 4212 sq„
2324 4147 2454 4197 tom.
2481 4144 2522 4197 I.
2548 4145 2687 4212 part.
2714 4141 2782 4195 X.
2808 4159 2859 4211 p.
2888 4141 3056 4210 557.).

396 4227 535 4279 Item
572 4225 993 4296 propositionem
1012 4268 1025 4290 ,
1062 4225 1263 4280 ibidem
1300 4245 1332 4280 a
1372 4225 1647 4279 Cardinali
1685 4226 1992 4294 Zabarella,
2029 4227 2093 4278 ut
2128 4224 2361 4288 videtur,
2399 4223 2457 4276 in
2491 4221 2727 4275 medium
2766 4222 3058 4275 adductam

403 4305 612 4374 (Hardt
662 4307 697 4360 1.
738 4325 784 4361 c.
837 4309 966 4360 tom.
1005 4306 1046 4360 Ι.
1093 4309 1233 4376 part.
1273 4306 1366 4360 IX.
1405 4325 1455 4376 p.
1497 4306 1665 4371 521.).
1739 4306 1878 4358 Item
1917 4304 2337 4359 declarationem
2374 4303 2556 4373 Papae
2594 4304 2832 4356 Martini
2867 4305 2924 4355 V.
2936 4342 2952 4369 ,
3002 4300 3056 4353 in

399 4385 735 4441 Concordato
788 4403 912 4440 cum
949 4388 1183 4441 Natione
1215 4390 1529 4454 yermam‘ca
1578 4385 1714 4439 inito
1750 4386 1957 4439 factam
2000 4384 2209 4453 (Hardt
2257 4385 2293 4437 l.
2334 4401 2379 4436 c.
2417 4386 2546 4436 tom.
2586 4383 2627 4436 I.
2681 4386 2820 4452 part.
2857 4380 3050 4438 XXIV.

395 4487 448 4539 p.
491 4467 692 4536 1059.).
767 4468 951 4536 Atque
1008 4467 1174 4521 etiam
1216 4468 1614 4521 Concordatum
1649 4469 1941 4520 Wennense
1991 4482 2088 4518 seu
2127 4465 2677 4531 Aschaffenburqense
2722 4463 2789 4516 ab
2826 4466 2886 4514 a.'
2916 4458 3052 4512 1448

400 4549 568 4619 (apud
613 4552 894 4618 Gaertner,
935 4548 1142 4618 Corpus
1173 4548 1314 4618 juris
1352 4547 1482 4602 eccl.
1525 4545 1925 4600 Catholicorum
1961 4544 2218 4609 novioriS,
2269 4544 2412 4612 quod
2448 4562 2546 4613 per
2584 4540 2928 4597 Germaniam
2965 4539 3054 4592 ob·

394 4629 549 4683 tinet.
608 4629 907 4697 Salisburg.
952 4630 1320 4692 1797—1799,
1358 4631 1487 4682 tom.
1527 4628 1568 4681 Ι.
1607 4645 1660 4697 p.
1703 4626 1868 4694 122.).

580 4721 595 4753 ¹
638 4722 849 4772 Arndt&
899 4719 935 4772 l.
976 4737 1021 4773 c.
1061 4719 1108 4785 §-
1153 4720 1198 4773 1.
1238 4722 1348 4772 not.
1388 4719 1436 4771 2.
1512 4718 1713 4781 Immo,
1764 4716 1848 4770 uti
1882 4718 2070 4769 notum
2108 4717 2221 4779 est,
2273 4732 2417 4767 nunc
2452 4716 2603 4767 recte
2640 4712 2697 4767 id
2734 4712 2947 4780 agitur,
2997 4714 3061 4765 ut

396 4798 696 4854 communis
733 4817 830 4869 pro
866 4799 1122 4853 universo
1159 4799 1390 4869 Imperio
1429 4796 1741 4866 germanico
1780 4796 1952 4850 codex
1988 4794 2171 4850 civilis
2207 4793 2502 4849 sanciatur.
