3355 5328
414 351 484 406 28
1309 358 1447 412 Pars
1484 360 1526 413 Ι.
1577 359 1872 413 Decretum
1911 359 2176 412 Gratiani.

415 518 605 579 num“
647 515 771 580 dici
802 516 1397 596 animadvertisset,
1447 520 1642 585 facile
1674 542 1822 585 eam
1853 520 2194 603 concipere
2225 518 2593 602 opinionem
2623 516 2861 601 potuit,
2913 516 3080 581 Gra-

414 613 667 677 tianum
712 614 925 697 ipsum
970 617 1143 681 hunc
1186 618 1451 683 titulum
1498 618 1682 702 operi
1729 640 1848 683 suo
1893 617 2277 702 praefixisse
2294 667 2310 695 ,
2368 620 2440 682 et
2483 616 2578 680 sic
2622 616 2831 679 verba
2877 635 3081 697 supra

413 716 814 777 memorata:
885 714 1246 790 „Universo
1294 716 1476 799 operi
1534 717 1802 782 titulum
1862 715 2250 799 praaecribit
2309 714 2825 779 discordantium
2880 733 3081 777 cano-

415 830 572 873 num
618 811 1066 876 concordiam“
1121 814 1388 879 videtur
1433 814 1806 898 protulisse.

592 908 871 991 Insuper
913 909 1019 974 hic
1051 912 1412 976 notandum
1443 916 1565 990 est,
1615 932 1827 994 neque
1862 911 2161 977 Gratiani
2208 910 2616 994 discipulum,
2666 910 3083 975 canonistam

416 1006 913 1092 Paucapaleam,
946 1030 1147 1092 supra
1170 1009 1258 1093 (p.
1288 1012 1350 1076 9.
1384 1014 1519 1075 not.
1544 1011 1635 1093 2.)
1654 1011 2016 1087 laudatum,
2048 1009 2116 1073 in
2139 1031 2260 1074 sua
2282 1008 2550 1073 Summa
2573 1008 2862 1087 Decreti,
2899 1012 3083 1073 certe

412 1124 567 1168 mox
615 1109 766 1187 post
826 1105 1030 1189 ipsius
1075 1108 1342 1173 Decreti
1403 1109 1895 1190 evulgationem
1954 1111 2234 1172 exarata
2259 1105 2300 1183 ¹,
2370 1106 2493 1171 1100
2554 1128 2718 1190 opus
2771 1105 3084 1188 magistri

413 1202 515 1265 sui
545 1222 738 1267 voce:
782 1205 1163 1280 „concordia
1186 1209 1571 1284 canonum“,
1604 1207 1724 1270 sed
1747 1227 1944 1270 voce:
1988 1206 2322 1283 „decreta“
2366 1205 2573 1270 citare
2596 1204 2653 1281 ²;
2688 1205 2864 1286 quod
2896 1208 3085 1269 certo

412 1298 712 1365 facturus
757 1323 888 1366 non
934 1302 1191 1379 fuisset,
1239 1304 1295 1368 si
1359 1304 1573 1387 ipsum
1621 1304 2011 1369 Gratianum
2056 1325 2219 1387 opus
2263 1302 2387 1367 1100
2440 1303 2902 1381 „concordiam
2948 1302 3084 1368 dis-

414 1399 825 1464 cordantium
872 1404 1228 1465 canonum“
1283 1401 1729 1467 intitulavisse
1776 1406 2181 1485 compertum
2225 1401 2582 1467 habuisset.

592 1496 721 1561 Pro
781 1498 883 1562 his
940 1498 1281 1563 dicendum
1341 1500 1637 1578 videtur,
1701 1504 1954 1564 certum
2000 1520 2146 1563 esse
2163 1549 2177 1577 ‚
2243 1499 2631 1564 Gratianum
2678 1520 2842 1582 opus
2891 1521 3088 1564 suum

425 1596 997 1671 „concordantiam
1052 1596 1524 1680 (concordiam)
1585 1598 2101 1662 discordantium
2164 1600 2521 1695 canonum“
2592 1620 2721 1662 non
2782 1597 3088 1662 intitula-

412 1692 609 1762 Yisse.
689 1694 896 1770 Quem
941 1699 1165 1761 autem
1207 1696 1476 1762 titulum
1524 1695 1584 1760 ei
1628 1694 2033 1778 praefixerit,
2081 1716 2212 1759 non
2258 1699 2440 1760 certo
2489 1699 2794 1759 constare
2823 1693 2882 1771 ³3
2931 1716 3088 1779 per-

414 1812 611 1872 quam
657 1793 1012 1858 verisimile
1058 1816 1223 1872 esse,
1273 1815 1421 1859 eum
1467 1794 1617 1858 huic
1664 1793 1848 1877 operi
1891 1793 2188 1858 titulum:
2235 1794 2507 1857 Decreta
2551 1793 2964 1877 praefixisse.

593 1889 785 1955 Nunc
810 1913 974 1974 opus
996 1891 1156 1957 illud
1179 1891 1613 1957 communiter
1632 1892 1872 1956 dicitur
1892 1892 2228 1955 Decretum
2250 1892 2581 1975 Gratiani,
2614 1892 2867 1973 absque
2887 1892 3088 1958 dubio

412 1986 642 2052 habita
670 1988 928 2054 ratione
946 1990 1211 2054 Decreti
1234 1992 1613 2056 Burchardi
1629 1992 1719 2053 W
1709 1992 2111 2054 ormatiensis
2135 1992 2334 2070 atque
2359 1990 2574 2053 Ivom's
2601 1991 3018 2057 Carnotensis
3037 1991 3088 2058 ⁴.

1309 2258 1634 2345 CAPUT
1693 2256 2169 2343 TERTIUM.

1037 2445 1602 2541 Originarius
1668 2444 2028 2518 Decreti
2094 2445 2508 2517 ambitus,

1295 2633 1334 2720 ξ
1380 2631 1473 2702 16.
1563 2636 1808 2703 Paleae
1855 2634 2124 2702 Decreti
2145 2634 2189 2700 ⁵.

593 2793 744 2859 Non
804 2797 1030 2859 tamen
1076 2816 1223 2859 cum
1270 2796 1533 2875 eodem,
1601 2818 1795 2879 quem
1840 2817 2011 2861 nunc
2056 2797 2290 2875 habet,
2349 2797 2588 2863 ambitu
2635 2797 3002 2861 Decretum
3052 2817 3092 2861 e

410 2892 708 2957 manibus
760 2892 1059 2958 Gratiani
1107 2894 1369 2976 prodiit.
1695 2899 1710 2918 ⁸

587 2992 678 3056 Et
724 2990 1006 3074 primum
1055 2991 1316 3073 quidem
1362 2993 1428 3055 in
1476 3013 1553 3056 eo
1584 3013 1757 3057 nunc
1804 2993 2024 3076 plures
2058 2993 2489 3059 auctoritates
2519 2992 2869 3070 habentur,
2922 3013 3093 3073 quas

409 3088 477 3152 in
524 3109 601 3153 00
647 3110 778 3153 11011
828 3089 1202 3168 GratianuS,
1252 3090 1367 3154 sed
1415 3090 1558 3168 alii,
1617 3095 1687 3155 et
1735 3090 1995 3155 demum
2041 3095 2191 3174 post
2238 3111 2405 3168 011111,
2453 3093 2838 3174 posuerunt.
2939 3090 3092 3154 Hae

592 3230 610 3263 ¹
650 3231 878 3298 Seli-ulte,
917 3230 1018 3283 Die
1057 3228 1387 3284 Geschichte
1426 3230 1521 3283 der
1559 3229 1802 3294 Quellen,
1839 3233 1970 3283 tom.
2009 3229 2049 3283 I.
2089 3247 2139 3299 p.
2182 3230 2300 3284 109.
2339 3248 2423 3298 sq.

592 3310 611 3344 ²
647 3310 703 3362 Is
741 3308 884 3363 enim
920 3310 979 3363 in
1014 3310 1119 3364 hac
1158 3310 1395 3370 Summa,
1433 3309 1573 3363 Dist.
1611 3309 1727 3373 111„
1765 3311 1835 3363 ad
1870 3308 2051 3379 ipsum
2075 3309 2297 3363 Decreti
2330 3313 2576 3363 tenorem
2614 3313 2670 3363 et
2706 3314 2931 3364 textum
2970 3329 3095 3381 pro-

413 3407 635 3454 vocam,
674 3390 782 3444 ait:
828 3389 998 3455 „Quid
1038 3408 1228 3453 canon,
1269 3389 1399 3458 quid
1434 3390 1643 3456 regula,
1682 3389 1813 3458 quid
1850 3388 2199 3458 privilegium
2238 3389 2327 3452 sit,
2364 3394 2426 3442 in
2463 3392 2685 3443 decretis
2722 3390 2885 3460 plene
2925 3409 3097 3461 expo-

408 3470 577 3523 situm
626 3472 759 3525 est.“
804 3502 871 3509 —
912 3471 974 3523 In
1012 3470 1070 3525 C.
1108 3470 1257 3523 XIII.
1310 3487 1401 3538 qu.
1442 3470 1522 3524 2.:
1581 3469 1762 3534 „Quae
1811 3468 1870 3521 in
1905 3468 2009 3522 hac
2056 3469 2374 3537 quaestione
2412 3469 2558 3523 dicta
2610 3473 2770 3535 sunt,
2823 3470 2885 3523 in
2921 3470 3096 3525 tertia

411 3551 729 3619 quaestione
767 3551 914 3605 XVI.
967 3569 1166 3606 causae
1205 3553 1538 3603 decretorum
1587 3549 1874 3619 reperies.“
1919 3579 1986 3587 —
2025 3549 2088 3602 Ι11
2123 3548 2293 3619 princ.
2347 3549 2406 3604 C.
2445 3549 2705 3604 XXVII.:
2764 3551 2859 3615 „In
2912 3551 3095 3620 prima

413 3633 745 3685 decretorum
782 3633 987 3700 parte.“
1031 3662 1101 3671 —
1139 3632 1204 3684 In
1240 3630 1411 3701 princ.
1438 3628 1623 3684 Partis
1647 3630 1778 3683 III.:
1824 3629 2118 3694 „Omnibus
2153 3632 2484 3683 decretorum
2509 3629 2694 3683 causis
2718 3630 2812 3684 vel
2848 3630 3097 3698 negotiis

415 3711 660 3764 decursis
697 3712 767 3765 ad
803 3711 1055 3765 ultimam
1091 3714 1255 3779 hujus
1293 3713 1424 3764 libri
1459 3713 1687 3764 ventum
1725 3713 1811 3763 est
1846 3712 2057 3779 partem
2075 3751 2088 3772 ,
2141 3726 2280 3778 quae
2319 3709 2557 3777 quinque
2597 3713 2684 3763 est
2723 3709 3096 3765 distinctioni·

410 3792 513 3844 bus
563 3791 682 3844 sive
730 3791 1086 3845 divisionibus
1138 3791 1364 3845 divisa.“
1445 3790 1586 3844 Vide
1637 3807 1780 3844 caes.
1832 3806 1947 3856 reg.
2001 3788 2128 3841 bibl.
2181 3789 2348 3857 palat.
2386 3788 2618 3842 Vindob.
2673 3790 2793 3844 cod.
2845 3808 2954 3845 ms,
2995 3791 3094 3845 lat.

409 3889 490 3924 nr.
531 3872 671 3925 2220
715 3871 787 3939 (4.
825 3873 961 3925 mbr.
1002 3890 1074 3925 ex
1108 3890 1253 3926 saec.
1292 3871 1439 3925 XIII.
1478 3870 1643 3936 inc.);
1684 3869 1848 3924 etiam
1886 3869 2031 3939 apud
2069 3870 2282 3921 Schulte
2317 3867 2353 3922 1.
2394 3886 2440 3922 0.
2479 3887 2530 3939 p.
2576 3870 2695 3924 113.
2734 3873 2849 3924 not.
2890 3871 2981 3926 20.

593 3951 613 3984 ³
651 3950 761 4004 cfr.
799 3968 965 4020 supra
1007 3953 1083 4020 (p.
1124 3952 1210 4005 26.
1249 3955 1359 4005 not.
1397 3953 1454 4017 6)
1497 3950 1723 4003 citatam
1760 3949 2093 4002 notationem
2134 3947 2307 4014 (Corr.
2349 3948 2586 4015 Romm.)
2628 3950 2698 4003 ad
2737 3955 3099 4019 praesentem

410 4029 634 4084 titulum
671 4029 890 4084 Decreti
937 4049 990 4083 v.
1043 4049 1110 4082 ac
1134 4035 1384 4098 primum
1439 4030 1519 4095 (in
1571 4029 1806 4083 editione
1859 4047 1929 4082 ex
1983 4046 2189 4082 1000110.
2241 4029 2476 4082 fratrum
2516 4031 2866 4083 Pithoeorum
2919 4050 2975 4085 v.
3029 4034 3098 4084 de

397 4111 588 4178 jure),
634 4110 728 4163 ubi
766 4111 832 4166 de
869 4110 973 4163 hac
1023 4128 1083 4163 re
1132 4110 1212 4163 ita
1249 4111 1513 4163 refertur:
1573 4109 1722 4172 „Hoc
1758 4108 1876 4161 1000
1913 4108 1971 4162 111
2005 4108 2391 4178 manuscriptis
2442 4108 2721 4164 codicibus
2758 4128 2968 4179 magna
3008 4115 3102 4166 est

415 4189 675 4244 varietas.
750 4190 892 4243 Nam
930 4189 1131 4259 partim
1168 4188 1320 4243 nulla
1358 4192 1445 4241 est
1481 4188 1583 4241 hoc
1619 4187 1738 4241 1000
1775 4187 2085 4256 inscripti03
2125 4189 2324 4256 partim
2361 4192 2521 4242 vero“
2567 4193 2670 4243 etc.

593 4271 617 4305 ⁴
653 4270 734 4323 De
773 4268 972 4338 quibus
1009 4269 1107 4322 cfr.
1147 4286 1313 4338 supra
1350 4287 1400 4337 p.
1445 4269 1528 4322 19.

591 4351 611 4385 ⁵
650 4348 964 4403 Admonitio
1006 4348 1180 4414 (Corr.
1219 4348 1454 4413 Romm.)
1498 4348 1568 4400 ad
1604 4345 1890 4410 lectorem,
1929 4346 1986 4399 in
2021 4347 2200 4400 fronte
2238 4347 2458 4401 Decreti
2495 4348 2676 4417 posita
2712 4349 2818 4402 sub
2857 4349 3101 4421 inscrip-

408 4428 586 4482 tione:
644 4429 754 4494 „Ea
770 4471 784 4494 ,
839 4430 906 4482 de
943 4427 1140 4497 quibus
1177 4427 1437 4480 lectorem
1475 4425 1739 4496 principio
1775 4425 1957 4479 visum
1996 4428 2082 4478 est
2117 4426 2406 4478 admonere
2423 4467 2435 4490 ‚
2487 4427 2624 4481 haec
2662 4431 2848 4493 sunt“,
2890 4429 2954 4495 §t
3011 4433 3102 4485 De

400 4511 581 4577 paleis
592 4531 616 4577 ;
650 4513 875 4578 Doujat,
911 4508 1190 4572 Praenott,
1230 4525 1456 4561 canonn.
1495 4505 1588 4559 lib.
1626 4506 1722 4559 IV.
1762 4523 1880 4575 cap.
1923 4507 2035 4569 15.;
2087 4507 2308 4573 melnen,
2347 4506 2428 4559 De
2464 4506 2666 4572 Paleis,
2704 4526 2850 4576 quae
2890 4509 2952 4563 in
2989 4510 3102 4564 De·

413 4592 562 4643 creto
619 4589 870 4645 Gratiani
934 4587 1302 4641 inveniuntur.
1387 4586 1700 4651 Maroburg.
1758 4585 1891 4639 1827
1953 4585 2332 4651 (Programma
2387 4585 2629 4639 solemne
2685 4588 3104 4644 Universitatis

410 4669 911 4736 Maroburgensis);
951 4670 1220 4736 Mans-sen,
1258 4666 1619 4736 Paucapalea‚
1656 4665 1715 4717 in
1751 4664 1868 4718 citt.
1906 4665 2088 4718 relatt.
2126 4681 2261 4717 sess.
2299 4669 2428 4718 tom.
2450 4665 2649 4720 XXXI.
2689 4685 2740 4736 p.
2776 4669 2908 4723 482.
2937 4688 3102 4739 000.;

416 4751 645 4822 Schulte,
670 4750 771 4804 Die
797 4749 999 4803 Paleae
1024 4748 1099 4801 im
1123 4748 1323 4801 Decret
1342 4745 1618 4806 GratianS,
1642 4743 1701 4796 in
1726 4743 1842 4797 citt.
1870 4743 2051 4796 relatt.
2080 4761 2214 4797 sess,
2240 4748 2370 4799 tom.
2387 4745 2686 4800 LXXVIII.
2713 4766 2766 4817 p.
2791 4749 2900 4803 287
2908 4791 2921 4803 .
2943 4768 3073 4819 sqq.
3087 4771 3103 4816 ;

420 4833 729 4900 Friedbery,
767 4831 825 4884 in
863 4829 979 4884 citt.
1020 4829 1264 4898 prolegg.
1304 4828 1402 4881 col.
1444 4825 1537 4879 IX.
1577 4841 1698 4891 sqq.
2793 4825 2800 4832 '
