3355 5328
299 276 404 334 180
1096 277 1235 331 Pars
1270 277 1339 331 H.
1388 276 1747 331 Collectiones
1785 276 2154 331 decretalium.

296 441 518 524 Papae
565 439 898 523 Bonifacii
945 441 1127 507 VIII.
1176 444 1464 525 spectat,
1530 440 1814 507 materia
1857 441 2051 526 hujus
2107 441 2288 509 Libri
2346 463 2385 509 e
2441 441 2791 527 pontificiis
2849 462 2957 507 re-

294 538 503 622 gestis
550 538 896 623 desumpta
942 544 1045 606 est
1070 536 1111 607 ¹.

554 727 593 814 ξ
641 724 764 795 115.
856 728 1190 797 Rubi-icae
1237 729 1585 797 titulorum
1633 729 1702 797 et
1748 730 1971 817 capita
2014 730 2214 818 hujus
2262 729 2690 799 collectionis.

473 889 795 956 Rubricae
839 891 1163 955 titulorum
1192 889 1372 955 Libri
1405 888 1592 956 Sexti
1639 911 1866 956 omnes
1912 910 1949 955 e
1987 889 2370 957 collectione
2403 892 2808 974 Gregoriana
2840 893 2956 959 de·

293 991 595 1074 sumptae
632 988 989 1069 eodemque
1021 986 1221 1054 etiam
1253 987 1498 1065 ordine,
1533 1009 1611 1053 ac
1641 987 1711 1052 in
1740 988 1854 1054 illa
1886 987 2288 1067 collectione,
2337 989 2698 1056 collocatae
2730 994 2885 1058 sunt
2905 987 2952 1058 ².

471 1087 694 1152 Etiam
741 1086 958 1169 quoad
1008 1089 1223 1170 capita
1267 1085 1445 1150 Libri
1478 1085 1664 1151 Sexti
1709 1084 1882 1151 idem
1927 1085 2070 1151 fere
2124 1087 2354 1152 modus
2413 1087 2803 1154 observatus
2849 1094 2953 1156 est

293 1208 372 1253 ac
415 1185 484 1250 in
531 1183 911 1250 adornanda
956 1183 1340 1249 collectione
1389 1182 1815 1265 Gregoriana.
1910 1182 2052 1259 Qua
2096 1182 2354 1249 ratione
2398 1183 2551 1250 illae
2590 1186 2956 1252 decretales

294 1287 365 1351 et
410 1281 911 1349 constitutiones
957 1280 1351 1364 pontificiae,
1400 1302 1441 1346 a
1485 1281 2102 1365 praedecessoribus
2148 1281 2369 1365 Papae
2413 1282 2736 1349 Bonifacii
2772 1284 2951 1351 VIII.
2983 1314 2989 1321 ·

293 1386 446 1468 post
491 1380 939 1447 collectionem
989 1379 1462 1461 Gregorianam
1509 1379 1747 1457 editae,
1798 1399 1966 1461 quae
2011 1379 2268 1444 nonnisi
2314 1379 2399 1446 ad
2443 1380 2707 1464 aliquod
2751 1403 2955 1465 nego-

292 1481 458 1549 tium
504 1478 836 1560 singulare
895 1477 1287 1562 spectabant
1332 1475 1528 1559 (quae
1573 1478 2031 1543 tantummodo
2077 1477 2477 1560 temporales
2532 1479 2783 1562 erant),
2844 1481 2956 1546 vel

294 1599 463 1663 quae
524 1577 647 1642 sibi
704 1575 983 1640 invicem
1045 1575 1152 1641 vel
1212 1575 1358 1640 aliis
1403 1578 1560 1640 tunc
1605 1574 1983 1658 vigentibus
2022 1574 2189 1658 juris
2236 1575 2662 1643 ecclesiastici
2708 1578 2956 1644 normis

294 1676 817 1744 adversabantur
860 1672 1056 1756 (quae
1102 1672 1226 1738 sibi
1270 1672 1429 1756 ipsis
1474 1671 1585 1737 vel
1631 1673 1778 1737 aliis
1818 1672 2074 1756 juribus
2122 1673 2490 1740 contrariae
2537 1674 2787 1757 erant),
2845 1677 2956 1742 vel

294 1796 463 1859 quae
509 1774 877 1857 superfluae
925 1791 1070 1836 esse
1115 1769 1508 1836 videbantur
1525 1820 1539 1848 ‚
1598 1770 1752 1853 quia
1799 1774 1991 1836 erant
2038 1770 2184 1836 aliis
2229 1771 2500 1836 nimium
2545 1772 2791 1839 similes
2838 1777 2956 1840 aut

290 1872 486 1957 plane
531 1869 859 1952 aequaleS‚
906 1889 1175 1952 prorsus
1221 1868 1499 1933 omissae
1546 1866 1836 1951 (penitus
1881 1868 2248 1951 resecatae)
2296 1872 2450 1935 sunt
2474 1866 2519 1937 ³.

471 1968 650 2045 Quae
697 1966 1127 2035 assumendae
1171 1965 1569 2031 videbantur
1618 1966 1984 2033 decretales
2046 1970 2114 2032 et
2173 1967 2675 2034 constitutiones
2734 1969 2955 2053 ponti-

291 2067 497 2152 ficiae,
545 2072 620 2133 ut
665 2064 1014 2150 plurimum
1060 2064 1128 2129 in
1172 2063 1403 2129 iisdem
1448 2065 1660 2131 titulis
1707 2065 2068 2132 collocatae
2114 2069 2297 2145 sunt,
2358 2066 2428 2131 in
2472 2066 2706 2149 quibus
2753 2067 2955 2132 collo-

292 2170 483 2232 catae
530 2167 721 2230 erant
765 2163 834 2228 in
880 2163 1368 2229 collectionibus
1411 2162 1757 2247 prioribus,
1849 2161 2223 2228 Nonnullae
2270 2167 2492 2230 autem
2537 2185 2765 2229 earum
2811 2186 2953 2230 ma-

285 2264 450 2349 j0ris
497 2261 966 2344 congruentiae
1013 2256 1214 2327 causa
1259 2261 1328 2325 in
1374 2259 1521 2326 aliis
1566 2261 1777 2327 titulis
1824 2261 2081 2344 positae
2127 2265 2281 2328 sunt
2300 2260 2346 2328 ⁴.

470 2361 674 2426 Porro
722 2359 941 2444 capita
984 2359 1053 2424 in
1098 2358 1372 2440 singulis
1417 2358 1629 2426 titulis
1661 2359 1888 2424 ordine
1920 2358 2378 2441 chronologico
2422 2360 2744 2426 collocata
2775 2365 2950 2440 sunt,

290 2459 510 2545 prouti
556 2458 921 2524 decretales
969 2462 1037 2523 et
1083 2456 1587 2523 constitutiones
1617 2457 2012 2542 pontificiae,
2062 2478 2098 2522 e
2146 2457 2379 2541 quibus
2424 2458 2747 2524 adornata
2777 2464 2952 2537 sunt,

294 2557 741 2640 originetenus
788 2556 1006 2622 editae
1049 2555 1255 2620 fuisse
1300 2554 1697 2621 videbantur
1717 2553 1786 2622 ⁵..

472 2656 923 2741 Inscriptiones
981 2653 1255 2735 singulis
1314 2652 1637 2738 capitibus
1700 2653 1969 2721 eaedem
2014 2655 2349 2738 praefixae
2396 2657 2549 2722 sunt
2567 2705 2581 2733 ‚
2631 2678 2799 2740 quae
2845 2677 2953 2722 re-

292 2753 605 2840 spectivis
651 2752 1085 2819 decretalibus
1132 2757 1200 2818 et
1247 2751 1823 2818 constitutionibus
1868 2752 2218 2837 pontificiis
2263 2751 2332 2818 in
2360 2753 2685 2837 prioribus
2718 2756 2953 2821 collec-

290 2852 579 2920 tionibus
637 2853 973 2935 praefixae
1034 2854 1224 2916 erant
1245 2847 1288 2917 ⁶.
1383 2851 1703 2917 Attamen
1761 2850 2112 2935 plurimum
2173 2850 2599 2918 abbreviatae
2652 2857 2807 2919 sunt
2851 2852 2953 2918 in-

291 2949 679 3036 scriptiones
725 2949 897 3027 illae‚
945 2948 1041 3016 ita
1086 2953 1162 3015 ut
1205 2948 1535 3015 interdum
1583 2949 1794 3014 solum
1840 2948 1984 3013 fere
2029 2970 2267 3015 nomen
2312 2950 2665 3034 respectivi
2704 2950 2953 3016 Summi

291 3047 628 3114 Pontificis
691 3046 1101 3124 contineant;
1169 3048 1341 3129 quod
1404 3047 1630 3130 utique
1677 3046 1979 3112 *maxime
2038 3046 2106 3111 in
2163 3046 2293 3112 illis
2353 3048 2676 3132 capitibus
2736 3050 2950 3115 locum

473 3242 491 3274 ¹
532 3240 759 3307 Schulte,
795 3237 896 3291 Die
932 3237 1270 3302 Decretalen‚
1309 3238 1346 3291 l.
1386 3255 1432 3292 c.
1465 3256 1516 3308 p.
1545 3238 1665 3292 792.
1694 3254 1845 3306 sqq.;
1884 3239 2048 3306 Ident,
2084 3236 2186 3291 Die
2213 3237 2542 3292 Geschichte
2581 3237 2678 3291 der
2703 3237 2948 3306 Quellen,

291 3324 421 3376 tom.
456 3321 524 3374 H.
565 3339 616 3390 p.
652 3320 737 3374 36.
767 3336 879 3387 sq.;
918 3320 1231 3388 Friedbem,
1267 3319 1324 3372 in
1363 3318 1518 3388 Corp.
1553 3317 1660 3388 jur.
1701 3336 1817 3371 can.
1856 3320 1996 3387 part.
2036 3318 2103 3371 II.
2142 3318 2385 3388 prolegg.
2425 3317 2526 3372 col.
2565 3318 2625 3371 L.
2700 3319 2823 3372 Una
2861 3319 2950 3372 de·

291 3400 513 3457 cretalis
550 3400 733 3471 Papae
770 3400 1050 3465 Bonifacii
1085 3401 1268 3468 VIIL,
1324 3398 1583 3452 videlicet
1616 3398 1743 3462 illa,
1796 3416 1825 3451 e
1877 3415 1986 3466 qua
2036 3415 2153 3468 cap.
2193 3398 2241 3452 2.
2291 3399 2358 3451 de
2403 3398 2517 3468 jud.
2574 3399 2631 3451 in
2657 3398 2750 3452 VI.
2788 3399 2857 3452 II.
2901 3400 2948 3452 1.

290 3483 611 3537 adornatum
649 3483 748 3544 est,
785 3480 1022 3533 refertur
1053 3478 1167 3550 jam
1205 3479 1262 3532 in
1299 3496 1464 3548 supra
1507 3478 1580 3549 (p.
1619 3477 1764 3547 175.)
1805 3480 2104 3531 memorata
2141 3477 2457 3532 collectione
2495 3478 2850 3532 decretalium
2893 3482 2951 3533 et

291 3560 739 3616 constitutionum
777 3558 1173 3630 pontificiarum
1211 3559 1414 3613 codicis
1457 3576 1558 3612 ms.
1599 3557 1814 3612 Musaei
1849 3557 2118 3612 bohemici
2154 3557 2368 3626 Pragae
2406 3576 2522 3629 cap.
2562 3559 2648 3613 83.
2694 3558 2949 3627 (Schiche,

290 3642 392 3696 Die
428 3640 783 3705 Decretalen‚
834 3639 870 3693 1.
909 3657 955 3693 c.
994 3658 1046 3709 p.
1087 3640 1207 3694 753.
1247 3643 1304 3693 et
1339 3657 1390 3709 p.
1431 3637 1596 3706 792).

472 3722 492 3754 ²
530 3721 640 3775 cfr.
680 3737 846 3790 supra
882 3738 934 3790 p.
977 3720 1094 3775 178.
1133 3720 1191 3773 in
1226 3723 1370 3773 nota.

470 3804 491 3837 ⁸
528 3801 647 3855 Hac
682 3800 891 3854 ratione
936 3800 1202 3870 plurimae
1253 3798 1554 3854 decretales
1601 3802 1658 3852 et
1695 3798 2109 3852 constitutiones
2159 3798 2466 3868 pontificiae
2502 3798 2652 3853 illius
2688 3798 2951 3869 temporis

290 3881 523 3935 omissae
560 3883 705 3934 sunt.
780 3879 888 3933 cfr.
929 3882 1158 3950 Schulte,
1195 3879 1297 3933 Die
1335 3878 1663 3935 Geschichte
1702 3879 1798 3932 der
1834 3878 2079 3944 Quellen‚
2116 3882 2228 3932 tom
2267 3878 2335 3933 H.
2373 3897 2424 3949 p.
2464 3879 2549 3933 37.

469 3960 493 3994 ⁴
530 3958 619 4012 Sic
655 3977 709 4012 v.
747 3976 801 4026 g.
853 3959 1142 4013 decretalis
1179 3959 1363 4029 Papae
1405 3956 1658 4025 Gregorii
1694 3957 1819 4012 IX.:
1873 3959 2200 4012 Mediatores
2238 3975 2346 4025 per
2381 3974 2541 4027 quoa,
2593 3956 2651 4010 in
2701 3958 2951 4026 praefata

289 4039 606 4095 collectione
644 4038 846 4093 codicis
881 4057 981 4093 mS.
1021 4039 1380 4093 bibliothecae
1418 4037 1631 4092 Musaei
1670 4037 1935 4092 bohemici
1973 4038 2187 4105 Pragae
2230 4037 2590 4106 (collectionis
2625 4037 2945 4106 Pragensis)

288 4120 347 4173 in
381 4119 466 4176 tit.
506 4122 570 4173 de
603 4122 792 4173 simon.
830 4137 948 4189 cap.
987 4120 1074 4174 51.
1118 4120 1287 4190 (apud
1324 4120 1538 4173 Schulte
1557 4160 1570 4182 ‚
1621 4117 1723 4172 Die
1759 4117 2114 4183 Decretalen,
2152 4136 2204 4188 p.
2245 4117 2390 4186 745.)
2430 4117 2609 4187 posita
2627 4159 2640 4182 ,
2692 4118 2751 4171 in
2786 4118 2949 4173 Libro

289 4201 459 4255 Sexto
500 4199 766 4254 collocata
804 4203 890 4254 est
925 4200 983 4253 in
1020 4217 1136 4270 cap.
1181 4201 1227 4254 l.
1267 4202 1332 4252 de
1366 4207 1474 4252 test.
1515 4206 1562 4251 et
1597 4206 1764 4252 attest.
1804 4198 1871 4252 H.
1914 4199 1997 4252 10.

470 4283 490 4316 ⁵
530 4280 638 4334 Cfr.
691 4298 744 4333 v.
798 4297 850 4348 g.
905 4298 1060 4351 capp.
1102 4281 1149 4333 1.
1189 4297 1309 4348 sqq.
1368 4280 1434 4333 de
1479 4277 1727 4348 rescript.
1780 4279 1821 4331 I.
1862 4278 1947 4342 3.;
2004 4296 2158 4348 capp.
2202 4279 2249 4332 1.
2288 4295 2407 4347 sqq.
2461 4278 2528 4333 de
2579 4278 2734 4334 elect.
2787 4280 2829 4332 Ι.
2869 4279 2949 4343 6.;

289 4378 442 4432 capp.
486 4361 532 4415 1.
571 4378 691 4429 sqq.
732 4361 797 4414 de
833 4363 1000 4429 temp.
1040 4359 1270 4414 ordinat.
1309 4361 1351 4413 I.
1391 4361 1440 4414 9.

467 4443 489 4480 ⁶
527 4440 644 4507 Qua
680 4440 961 4494 occasione
998 4439 1187 4508 utique
1224 4440 1389 4493 simul
1425 4437 1591 4493 etiam
1641 4437 1826 4508 plures
1873 4438 2089 4508 spuriae
2140 4438 2521 4509 inscriptiones
2571 4441 2765 4492 enatae
2801 4440 2946 4491 sunt.

290 4521 399 4576 cfr.
426 4540 479 4576 v.
507 4539 560 4589 g.
600 4539 716 4591 cap.
748 4522 794 4574 1.
834 4521 899 4574 de
935 4523 1063 4574 test.
1103 4523 1160 4573 et
1195 4523 1380 4574 attest.
1418 4519 1477 4572 in
1501 4517 1651 4572 Sext.
1680 4518 1747 4572 II.
1778 4519 1879 4583 10.,
1920 4519 2063 4587 quod
2086 4518 2410 4589 inscriptum
2447 4522 2559 4573 est:
2599 4518 2824 4585 Gregor.
2852 4516 2946 4571 IX.

287 4603 344 4656 in
394 4601 619 4656 concilio
654 4600 1006 4669 Lugdunensi
1021 4642 1034 4665 ‚
1087 4617 1253 4668 quum
1302 4605 1489 4655 tamen
1537 4598 1828 4652 decretalis
1878 4598 1973 4653 illa
2023 4599 2257 4670 primum
2294 4617 2326 4653 a
2363 4599 2515 4670 Papa
2553 4597 2815 4666 Gregorio
2853 4597 2946 4650 IX.

289 4682 488 4736 emissa
526 4685 582 4736 et
617 4685 805 4751 postea
842 4699 876 4736 a
912 4681 1065 4751 Papa
1102 4681 1413 4735 Innocentio
1451 4679 1545 4734 IV.
1599 4682 1863 4733 renovata
1915 4679 2087 4733 fuisse
2139 4679 2506 4748 dignoscatur.
2584 4680 2693 4734 Cfr.
2735 4679 2950 4732 Schulte

287 4762 323 4816 l.
364 4780 408 4816 c.
448 4780 498 4831 p.
540 4762 660 4816 710.
698 4764 808 4815 not.
849 4762 952 4826 33„
989 4778 1041 4830 p.
1084 4761 1203 4816 711.
1243 4765 1300 4816 et
1334 4781 1385 4832 p.
1428 4761 1549 4815 745.
1586 4761 1699 4812 not.
1741 4760 1826 4814 58.
