3355 5328
1434 313 1612 384 eaput
1644 314 1687 368 1.
1740 314 1773 381 ς
1814 315 1896 368 17.
2281 274 2286 278 ’
2343 375 2350 382 ,
2895 315 3000 369 253

339 470 725 550 additiones,
775 474 1323 555 abbreviationes,
1375 477 1777 556 omissioneS,
1828 477 2326 553 declarationeS‚
2385 494 2546 555 quas
2592 473 2999 538 necessarias

338 572 650 652 putarent
668 620 682 647 ,
745 569 1028 636 faciendi
1076 575 1144 638 et
1191 574 1284 639 sic
1317 575 1517 641 etiam
1563 575 1785 658 plures
1832 575 2334 640 constitutiones
2379 572 2448 636 in
2493 592 2691 635 unam
2738 574 3000 637 contra-

339 667 534 733 hendi
553 719 567 746 ,
628 689 749 733 nec
794 689 927 734 non
986 691 1185 736 unam
1243 673 1313 739 in
1371 673 1594 757 plures
1654 677 1880 757 partes
1942 672 2270 739 dividendi
2331 674 2400 737 et
2444 669 2565 735 has
2610 673 2836 751 partes
2882 691 3001 753 per

341 765 602 831 diversa
648 767 794 831 loca
841 767 1271 835 distribuendi
1303 771 1341 836 ¹.

518 863 739 930 Codex
770 864 866 930 ita
899 867 1304 946 emendatuS,
1342 870 1552 934 Codeoe
1582 892 1779 935 novus
1808 870 1916 934 vel
1944 871 2154 934 Codex
2186 870 2484 953 repetitae
2503 867 2954 951 praelectionis
2974 862 3000 903 ²

337 961 725 1045 appellatus,
775 964 859 1027 ab
905 964 1314 1048 Imperatore
1358 967 1401 1032 J
1404 967 1734 1034 ustiniano
1781 968 2183 1051 approbatus
2232 969 2299 1030 et
2346 965 2454 1030 cit.
2505 966 2749 1029 const:
2801 965 2998 1029 Cordi

334 1061 535 1143 nobie,
587 1060 645 1125 d.
696 1061 755 1126 d.
811 1063 912 1127 16.
960 1062 1028 1128 N
1029 1083 1132 1129 ov,
1185 1064 1333 1141 534,
1383 1064 1616 1130 Codice
1662 1065 1877 1130 veteri
1921 1065 2184 1148 penitus
2232 1064 2572 1144 abrogatO,
2629 1061 2998 1145 publicatus

338 1160 461 1236 est,
509 1157 606 1222 ita
652 1162 727 1223 ut
770 1158 922 1224 inde
969 1181 1010 1224 a
1056 1161 1160 1225 die
1209 1164 1313 1228 29.
1362 1162 1743 1228 Decembris
1790 1184 1847 1228 a.
1901 1165 2031 1227 534
2075 1162 2211 1226 vim
2260 1160 2592 1241 obligandi
2636 1160 2929 1225 haberet.

516 1255 708 1320 Nunc
768 1256 988 1322 Codex
1046 1257 1158 1323 ille
1218 1259 1602 1343 simpliciter
1662 1260 1902 1326 dicitur
1965 1262 2175 1326 Codex
2221 1260 2584 1324 Justiniani
2640 1258 2749 1321 vel
2795 1258 3000 1322 Justi-

340 1356 629 1419 nianeus.
723 1355 799 1419 In
845 1354 1128 1439 Corpore
1169 1357 1336 1440 juris
1384 1358 1594 1423 civilis
1639 1359 1894 1423 romani
1939 1357 2193 1442 positus
2241 1360 2344 1422 est
2392 1357 2534 1421 loco
2583 1358 2779 1421 tertie.

517 1450 784 1517 Divisus
832 1456 935 1518 est
979 1452 1048 1517 in
1095 1454 1435 1520 duodecim
1481 1456 1675 1521 libros
1690 1508 1709 1539 ,
1760 1456 1870 1538 qui
1916 1456 2229 1521 subdivisi
2276 1458 2432 1519 sunt
2476 1453 2544 1517 in
2590 1456 2833 1535 titulos,
2880 1473 2996 1535 pe—

341 1548 691 1614 culiaribus
750 1550 1025 1615 rubricis
1084 1552 1466 1634 insignitoS,
1527 1554 1610 1618 in*
1657 1575 1933 1636 quorum
1993 1553 2267 1634 singulis
2328 1550 2829 1617 constitutiones
2875 1550 2997 1614 im·-

341 1647 742 1729 peratoriae,
805 1648 889 1712 ad
946 1648 1130 1714 illum
1174 1650 1440 1716 titulum
1486 1655 1898 1735 spectantes,
1962 1651 2186 1716 ordine
2252 1648 2707 1730 chronologico
2727 1698 2741 1726 ,
2802 1651 2999 1731 prout

339 1765 574 1827 nempe
606 1745 1050 1826 originetenus
1089 1749 1306 1815 editae
1338 1748 1622 1827 fuerunt,
1671 1750 1928 1833 positae
1960 1753 2116 1815 sunt
2141 1747 2185 1815 ³.
2258 1749 2334 1813 In
2365 1748 2474 1814 lib.
2508 1748 2558 1813 I.
2593 1747 2696 1813 tit.
2737 1748 2994 1812 1.—-13.

342 1842 754 1908 adducuntur
784 1845 1286 1911 constitutiones
1331 1847 1817 1931 imperatoriae,
1870 1849 1953 1913 ad
1983 1836 2317 1930 personas,
2368 1867 2473 1910 res
2507 1849 2577 1910 et
2614 1865 2845 1909 causas
2892 1865 2999 1908 ec-

343 1939 745 2006 clesiasticas
791 1942 1197 2026 pertinentes
1223 1944 1282 2023 ⁴3
1329 1944 1397 2009 in
1444 1945 1712 2027 reliquis
1757 1945 1970 2011 titulis
2004 1949 2203 2027 atque
2231 1944 2414 2008 libris
2453 1964 2658 2024 usque
2689 1942 2773 2007 ad
2803 1942 2998 2006 finem

524 2144 541 2177 ¹
582 2141 643 2195 Id
670 2142 850 2196 elucet
873 2161 943 2196 ex
967 2143 1140 2213 ipsius
1179 2148 1383 2198 const:
1427 2146 1596 2198 Cordi
1631 2147 1799 2214 nobis,
1840 2145 1887 2198 d.
1918 2145 1967 2197 d.
1999 2145 2079 2197 16.
2106 2144 2244 2198 Nov.
2274 2143 2394 2207 534,
2433 2160 2540 2210 qua
2579 2142 2722 2196 hunc
2749 2142 2999 2197 Codicem

343 2220 661 2290 publicavit,
700 2222 791 2275 ubi
817 2222 865 2275 is
890 2223 923 2290 ἓ
951 2224 999 2278 3.
1039 2223 1149 2277 ait:
1209 2224 1578 2293 „Supradictis
1602 2224 1789 2293 itaque
1817 2224 2120 2292 magnificis
2167 2227 2223 2277 et
2258 2222 2696 2292 prudentissimis
2721 2222 2855 2276 viris
2880 2241 2998 2292 per-

343 2300 605 2365 misimuS,
642 2302 778 2356 haec
815 2302 993 2356 omnia
1032 2304 1087 2372 (ξ
1114 2303 1188 2371 2.)
1231 2305 1426 2369 facere,
1466 2308 1535 2369 et,
1575 2304 1621 2358 si
1659 2322 1768 2373 qua
1807 2304 2177 2358 emendatione
2216 2322 2350 2373 opus
2385 2304 2541 2367 foret,
2580 2303 2721 2356 hanc
2756 2303 3001 2357 facerent

343 2399 450 2434 non
486 2380 756 2435 titubante
795 2383 989 2448 animo,
1028 2385 1124 2437 sed
1160 2388 1347 2438 nostra
1385 2384 1712 2438 auctoritate
1749 2385 1904 2448 freti;
1945 2383 2359 2438 constitutiones
2397 2401 2527 2437 vero
2553 2383 2870 2452 superfluas,
2908 2383 3000 2436 vel

342 2479 413 2514 ex
449 2462 837 2530 posterioribus
875 2464 1246 2517 sanctionibus
1281 2465 1482 2518 nostris
1514 2466 1629 2536 jam
1654 2468 1934 2529 vacuatas,
1973 2465 2064 2518 vel
2103 2464 2149 2517 si
2176 2482 2314 2532 quae
2352 2463 2558 2517 similes
2581 2463 2673 2516 vel
2699 2462 3000 2516 contrariae

342 2540 747 2607 invenirentur,
788 2544 1188 2599 circumducere
1227 2548 1283 2598 et
1319 2563 1352 2599 a
1387 2545 1590 2615 proprii
1629 2545 1843 2599 Codicis
1882 2544 2299 2612 congregatione
2337 2562 2590 2613 separare
2607 2585 2620 2607 ,
2659 2546 2715 2596 et
2750 2546 2865 2596 tam
2901 2543 3001 2596 im-

341 2622 614 2691 perfectas
651 2624 861 2694 replere
878 2668 891 2690 ,
931 2642 1094 2695 quam
1131 2629 1288 2680 nocte
1326 2626 1675 2681 obscuritatis
1714 2626 1975 2680 obductas
2011 2644 2154 2680 nova
2193 2624 2519 2679 elimationis
2569 2624 2690 2678 luce
2729 2624 2998 2690 detegere,

340 2707 404 2757 ut
439 2704 676 2772 undique
725 2724 833 2759 non
882 2706 1056 2760 solum
1094 2707 1502 2762 Institutionum
1555 2711 1612 2761 et
1646 2707 1997 2774 Digestorum
2047 2706 2140 2760 via
2194 2707 2427 2760 dilucida
2475 2709 2531 2759 et
2568 2707 2757 2774 aperta
2793 2708 2997 2774 pateat,

343 2784 439 2837 sed
478 2783 644 2838 etiam
682 2785 1127 2840 constitutionum
1164 2787 1337 2841 nostri
1364 2787 1575 2841 Codicis
1614 2788 1834 2857 plenum
1866 2788 2028 2858 jubar
2053 2787 2301 2840 omnibus
2338 2787 2557 2850 clareat,
2595 2785 2747 2838 nulla
2782 2785 3001 2854 penitus

342 2880 442 2916 nec
479 2863 660 2929 simili,
697 2883 798 2918 nec
836 2866 1067 2932 diversa,
1105 2885 1206 2920 nec
1241 2867 1505 2922 inusitata
1541 2868 1735 2922 relicta
1773 2867 2205 2921 constitutione.“
2263 2868 2371 2921 Cfr.
2400 2869 2634 2935 Krtiyer,
2674 2864 3000 2919 Geschichte

345 2942 439 2996 der
465 2943 691 3008 Quellen
726 2945 836 2998 und
861 2946 1161 3000 Litteratur
1199 2948 1293 3001 des
1330 2955 1463 3002 rom.
1502 2948 1722 3012 RechtS,
1761 2967 1811 3018 p.
1841 2948 1961 3001 343.
1990 2965 2070 3015 sq.
2109 2948 2262 3001 Vox:
2300 2950 2509 3015 simvsslis,
2548 2963 2712 3015 supra
2750 2946 2997 3009 adducta,

344 3023 565 3077 denotat
600 3024 701 3077 hoc
737 3025 854 3078 loco
891 3025 1035 3079 idem
1072 3045 1164 3080 ac:
1205 3031 1459 3096 aequalis.
1521 3028 1582 3082 Id
1619 3031 1773 3098 patet
1808 3028 1950 3081 inter
1988 3030 2202 3081 caetera
2240 3045 2269 3080 e
2307 3028 2339 3093 ἓ
2378 3029 2426 3081 5.
2468 3027 2597 3080 Inst.
2639 3027 2704 3079 de
2742 3025 2997 3079 exhaere-

345 3102 559 3157 datione
598 3104 810 3158 liberor.
853 3106 918 3160 II.
963 3107 1076 3171 13.,
1128 3107 1220 3160 ubi
1260 3108 1632 3173 Justinianus,
1686 3109 1934 3162 alludens
1973 3110 2040 3161 ad
2078 3126 2232 3161 suam
2271 3106 2712 3161 constitutionem
2755 3105 2834 3174 (in
2870 3105 2905 3158 l.
2945 3106 2995 3160 4.

345 3183 470 3236 Cod.
513 3185 577 3237 de
613 3184 800 3238 liberis
836 3187 1111 3256 praeterit.
1151 3188 1242 3241 vel
1281 3188 1627 3242 exhaeredat.
1664 3189 1758 3243 VI.
1798 3188 1930 3257 28),
1970 3206 2077 3256 qua
2116 3191 2318 3251 contra,
2356 3204 2421 3240 ac
2457 3189 2583 3240 ante
2619 3186 2775 3239 illum
2810 3185 2999 3252 vigue-

343 3267 445 3326 rat,
483 3264 625 3318 filias
665 3267 842 3332 quoad
874 3266 969 3336 jus
1006 3267 1366 3321 successionis
1401 3268 1529 3322 filiis
1568 3269 1782 3322 omnino
1821 3269 2077 3336 aequales
2103 3267 2353 3330 reddidit,
2393 3269 2738 3335 conceptum:
2778 3267 2999 3333 aequale

333 3347 429 3410 jus
467 3344 725 3414 exprimit
761 3347 968 3401 verbis:
1020 3351 1192 3402 simile
1216 3352 1313 3416 jus
1327 3390 1342 3417 ,
1383 3349 1594 3403 dicens:
1653 3350 1884 3414 „Nostra
1921 3367 2050 3402 vero
2090 3347 2419 3411 constitutiO,
2456 3347 2599 3400 inter
2634 3347 2905 3400 masculos
2944 3349 3000 3398 et

346 3423 608 3478 foeminas
658 3425 714 3478 in
764 3426 866 3480 hoc
910 3427 1033 3497 jure
1071 3428 1205 3481 nihil
1242 3429 1507 3482 interesse
1546 3429 1867 3482 existimans
1885 3471 1897 3493 ,
1938 3471 1948 3481 .
1991 3471 2002 3482 .
2045 3470 2055 3482 .
2096 3428 2330 3497 simplex
2382 3445 2446 3480 ac
2496 3426 2674 3480 simile
2720 3427 2812 3496 jus
2850 3429 2906 3479 et
2941 3426 2998 3478 in

343 3502 472 3556 filiis
509 3508 565 3558 et
599 3505 657 3558 in
692 3506 909 3561 filiabus
947 3550 958 3561 .
1000 3550 1011 3560 .
1054 3550 1065 3562 .
1104 3508 1453 3562 introduxit.“

526 3585 545 3618 ²
582 3588 823 3654 Repetita
848 3591 1141 3655 praelectio
1178 3588 1267 3642 hic
1303 3588 1408 3642 loci
1446 3590 1667 3643 denotat
1702 3589 1847 3642 idem
1884 3607 1948 3642 ac
1984 3607 2127 3642 nova
2164 3606 2260 3641 seu
2311 3588 2547 3641 secunda
2585 3586 2863 3654 evulgatio
2901 3604 2999 3639 seu

345 3664 525 3719 editio.
585 3667 648 3719 Id
683 3670 837 3737 patet
873 3685 943 3720 ex
979 3668 1080 3732 his,
1121 3687 1259 3737 quae
1298 3672 1646 3723 Justinianus
1682 3669 1799 3739 ipse
1835 3668 1893 3722 in
1931 3669 2020 3722 cit.
2060 3671 2259 3723 const:
2304 3668 2471 3721 Cordi
2506 3669 2659 3720 nobis
2695 3667 2727 3733 ξ
2766 3667 2815 3719 3.
2856 3666 2999 3721 circa

345 3744 485 3799 hanc
521 3764 719 3799 novam
770 3747 930 3801 istius
969 3748 1181 3802 Codicis
1218 3749 1585 3802 recensionem
1624 3750 1911 3813 observat,
1964 3749 2177 3802 dicens:
2235 3747 2604 3818 „Supradictis
2640 3747 2826 3816 itaque
2869 3790 2880 3801 .
2926 3789 2936 3801 .
2985 3790 2995 3802 .

344 3825 537 3880 relicta
574 3827 957 3881 constitutione
1001 3829 1106 3897 (uti
1143 3847 1308 3898 supra
1344 3833 1452 3883 not.
1497 3829 1602 3897 1.):
1642 3848 1766 3883 cum
1818 3829 2020 3883 nemini
2070 3829 2260 3882 veniat
2294 3828 2351 3881 in
2390 3828 2627 3897 dubium,
2666 3829 2809 3896 quod
2847 3846 2997 3897 repe-

344 3905 449 3959 tita
474 3906 766 3975 praelectio
790 3909 1057 3976 probavit,
1095 3908 1197 3963 hoc
1222 3909 1357 3963 satis
1393 3909 1635 3963 validum
1661 3909 1905 3978 satisque
1932 3927 2052 3963 esse
2077 3906 2387 3962 formosum.
2446 3910 2508 3960 In
2532 3907 2772 3975 antiquis
2798 3908 2998 3961 etenim

344 3985 498 4040 libris
533 4004 641 4039 non
678 3987 851 4041 solum
888 3989 1092 4059 primas
1129 3988 1420 4053 editioneS,
1468 3991 1563 4043 sed
1601 3989 1767 4043 etiam
1805 3990 2071 4043 secundas
2112 3989 2271 4057 (quas
2309 3988 2571 4058 repetitas
2606 3988 2998 4058 praelectiones

345 4068 562 4120 veteres
596 4067 968 4136 nominabant)
1011 4069 1330 4122 subsecutas
1365 4086 1485 4122 esse
1510 4069 1851 4123 invenimus:
1891 4070 2034 4137 quod
2072 4087 2142 4122 ex
2177 4069 2331 4122 libris
2364 4068 2599 4138 Ulpiani,
2637 4068 2745 4121 viri
2769 4068 2997 4136 pruden-

344 4145 559 4210 tissimi,
598 4148 668 4200 ad
693 4147 950 4201 Sabinum
988 4148 1222 4218 scriptiS,
1260 4152 1531 4218 promtum
1571 4153 1692 4203 erat
1716 4149 2102 4218 quaerentibus
2140 4149 2424 4218 reperire.“
2483 4149 2591 4203 Cfr.
2619 4150 2796 4216 Huqo,
2833 4147 2997 4200 Lehr-

345 4226 485 4279 buch
525 4227 619 4280 der
657 4226 983 4282 Geschichte
1029 4230 1123 4283 des
1160 4235 1292 4282 rom.
1331 4228 1535 4282 Rechts
1573 4228 1656 4282 bis
1695 4230 1794 4282 auf
1827 4229 2119 4293 Justinian,
2158 4233 2297 4299 part.
2338 4229 2405 4282 II.
2444 4247 2495 4298 p.
2538 4229 2658 4281 755.
2697 4245 2779 4295 sq.

527 4309 547 4342 ⁸
584 4307 888 4362 Nonnullae
924 4312 1109 4363 tamen
1146 4308 1559 4362 constitutiones
1610 4310 1904 4363 collocatae
1941 4309 1998 4361 in
2033 4308 2212 4362 titulis
2262 4312 2417 4372 sunt,
2474 4309 2543 4362 ad
2581 4325 2716 4376 quos
2754 4325 2849 4376 pro
2886 4325 2996 4360 ma*

345 4387 484 4440 teria
521 4405 620 4440 sua
656 4388 968 4442 nullatenus
1004 4389 1304 4459 pertinent3
1352 4406 1491 4457 quae
1528 4389 1753 4458 proinde
1792 4392 1923 4456 leyes
1956 4391 2215 4456 fugitivae
2252 4388 2358 4442 dici
2397 4389 2588 4442 solent.
2664 4388 2831 4441 Porro
2868 4405 2996 4440 non-

346 4468 530 4521 nullae
569 4485 756 4521 earum
793 4468 956 4522 simul
992 4468 1049 4521 in
1086 4468 1332 4538 pluribus
1368 4468 1548 4522 titulis
1575 4472 1886 4533 occurrunt;
1927 4485 2066 4536 quae
2090 4469 2215 4522 inde
2253 4471 2384 4536 Zeqes
2404 4472 2704 4535 yem-v‘natae
2729 4467 2994 4521 dicuntur.

349 4545 456 4602 Cfr.
484 4549 705 4615 Krtzqer
741 4549 776 4602 1.
817 4566 860 4602 c.
900 4568 951 4619 p.
980 4550 1112 4613 343;
1151 4551 1348 4602 Biener
1385 4557 1431 4602 et
1468 4551 1777 4618 Heimbaeh‚
1816 4549 2072 4616 Beitrage
2110 4568 2207 4602 zur
2243 4548 2504 4602 Revision
2542 4549 2637 4602 des
2677 4546 2995 4601 Justiniani-

347 4627 514 4681 schen
552 4629 750 4693 Codex,
789 4629 964 4682 Berol.
1007 4629 1159 4693 1833,
1198 4647 1248 4698 p.
1293 4630 1408 4683 192.
1426 4630 1463 4682 f.
1910 4695 1919 4704 .

525 4711 549 4744 4
585 4709 733 4762 Libri
770 4710 811 4763 I.
850 4709 935 4763 tit.
979 4710 1025 4762 1.
1062 4708 1358 4778 inscriptus
1395 4712 1508 4763 est:
1566 4709 1676 4774 „De
1716 4709 1938 4763 Summa
1975 4710 2243 4763 Trinitate
2282 4713 2337 4763 et
2372 4709 2478 4762 fide
2518 4708 2800 4773 catholica,
2840 4712 2896 4761 et
2932 4709 2995 4760 ut

347 4806 502 4843 nemo
543 4790 608 4842 de
647 4807 712 4843 ea
748 4789 962 4858 publice
1000 4789 1321 4842 contendere
1359 4790 1605 4843 audeat.“
