3355 5328
1358 311 1534 380 Caput
1569 311 1662 363 111.
1717 310 1749 377 ἓ
1792 311 1873 365 18.
2873 311 2938 364 31

286 468 599 533 librorum
660 473 729 534 et
775 471 1064 554 capitum
1110 471 1478 553 generatim
1502 470 1544 550 ¹,
1592 473 1790 537 rubro
1839 472 2054 537 colore
2101 471 2584 547 scribebantur,
2648 470 2944 534 rubricae

288 566 761 631 auctoritatum
808 568 1130 635 dicuntur.
1827 586 1834 591 ’

466 665 646 741 Quae
693 667 1066 744 summaria,
1118 672 1441 750 quatenus
1489 669 1994 735 auctoritatibus
2041 691 2079 733 a
2114 668 2429 733 Gratiano
2477 668 2544 731 in
2589 668 2943 731 Decretum

285 762 516 827 relatis
561 767 858 847 praefixa
917 770 1106 845 sunt,
1175 768 1257 832 ab
1317 767 1459 851 ipso
1510 767 1826 833 Gratiano
1888 767 2301 850 proveniunt.
2395 766 2471 830 Id
2529 768 2670 830 tum
2732 785 2816 829 ex
2865 784 2942 828 eo

288 861 640 942 colligitur,
691 864 861 945 quod
908 865 1021 929 illa
1067 866 1422 930 summaria
1462 867 1602 949 jam
1647 866 1717 930 in
1749 864 2217 947 antiquissimis
2265 864 2592 929 codicibus
2623 884 2775 927 mss
2810 862 2943 927 De-

287 959 473 1036 creti,
522 960 589 1024 in
636 962 869 1042 quibus
914 963 1021 1027 vel
1068 965 1285 1028 nullae
1321 965 1440 1030 .vel
1485 964 1916 1048 paucissimae
1948 964 2188 1028 Paleae
2235 966 2406 1040 sunt,
2457 964 2824 1037 occurrunt,
2875 963 2944 1024 et

289 1056 548 1137 quidem
607 1060 989 1142 plerumque
1048 1063 1247 1127 rubro
1304 1062 1520 1127 colore
1567 1063 1815 1146 scripta
1833 1112 1847 1140 ‚
1909 1065 2050 1127 tum
2112 1061 2313 1126 etiam
2371 1059 2748 1126 testimonio
2802 1058 2942 1140 jam

287 1154 541 1221 laudati
587 1158 967 1223 canonistae
1014 1161 1238 1244 Rufi-ni
1283 1163 1709 1225 confirmatur
1734 1157 1777 1226 ².

466 1254 658 1337 Unde
704 1260 910 1339 patet,
943 1279 1287 1342 perperam
1335 1280 1375 1323 a
1405 1259 1732 1323 nonnullis
1778 1257 2153 1335 canonistiS,
2202 1256 2299 1322 uti
2330 1279 2393 1322 V.
2428 1278 2491 1339 g.
2535 1278 2575 1321 a
2608 1256 2941 1319 Guilielmo

288 1352 612 1417 Dur-antis
660 1357 728 1419 et
773 1355 1027 1422 Joamze
1070 1358 1377 1421 Andreae
1397 1353 1440 1440 ³,
1508 1360 1845 1421 auctorem
1892 1356 2149 1420 illorum
2197 1354 2698 1420 summariorum
2744 1372 2943 1434 gene-

287 1449 487 1514 ratim
534 1451 762 1516 haberi
793 1454 1284 1539 Paucapaleam.
1349 1454 1475 1518 Hic
1521 1455 1974 1520 tantummodo
2024 1452 2546 1530 auctoritatibus,
2596 1473 2759 1534 quas
2804 1451 2944 1533 ipse

285 1547 573 1613 Decreto
622 1549 942 1632 adposuit,
992 1552 1032 1617 i.
1084 1573 1138 1617 e.
1190 1552 1324 1617 suis
1370 1552 1573 1636 ipsius
1605 1553 1842 1629 Paleis,
1893 1552 2247 1617 summaria
2291 1551 2677 1635 praefixisse
2726 1550 2943 1614 dicen-

287 1645 412 1708 dus
459 1650 580 1712 est.
638 1647 843 1713 Immo
890 1670 1101 1731 neque
1147 1650 1250 1714 his
1297 1651 1593 1715 omnibus
1642 1642 1819 1717 dicta
1865 1650 2219 1715 summaria
2265 1652 2562 1733 praefixa
2608 1651 2797 1724 sunt3
2848 1646 2944 1712 uti

286 1742 675 1809 nominatim
724 1747 978 1812 obtinet
1008 1748 1076 1812 in
1106 1748 1327 1825 Palea,
1376 1749 1441 1812 in
1490 1771 1542 1815 c.
1584 1752 1685 1815 10.
1736 1749 1801 1815 C.
1835 1749 1975 1813 XX.
2028 1770 2131 1830 qu.
2173 1752 2229 1814 1.
2278 1748 2511 1824 relata,
2562 1767 2729 1829 quae
2762 1749 2943 1810 certo

289 1862 331 1905 a
378 1841 790 1926 Paucapalea
835 1846 1117 1911 Decreto
1166 1847 1391 1911 addita
1438 1851 1540 1912 est
1562 1847 1606 1925 ⁴,
1657 1851 1726 1913 et
1770 1851 1995 1912 tamen
2042 1846 2395 1911 summario
2444 1848 2644 1910 caret.

1138 2063 1177 2149 ξ
1226 2061 1314 2132 18.
1407 2065 1759 2133 Distinotio
1805 2065 2097 2132 Lxxm.

466 2231 543 2295 In
574 2233 840 2297 Decreti
875 2233 1158 2312 Summa,
1210 2256 1405 2317 quam
1439 2237 1688 2301 Schulte
1718 2236 1786 2299 in
1818 2235 2039 2300 codice
2085 2256 2205 2299 ms,
2255 2233 2480 2314 regiae
2510 2232 2944 2297 bibliothecae

288 2328 799 2409 Bambergensis
824 2330 922 2412 (P.
957 2333 1038 2398 ΙΙ.
1076 2333 1509 2419 26.)ῤ6161111;,
1545 2355 1869 2415 quamque
1900 2333 2077 2398 intra
2102 2354 2158 2398 a.
2193 2333 2362 2396 1160
2388 2334 2456 2396 et
2486 2332 2652 2395 1179
2678 2329 2948 2395 Parisiis

291 2426 684 2492 adornatam
709 2449 853 2494 esse
877 2434 1069 2513 putat
1095 2435 1163 2496 et
1186 2431 1334 2496 hinc
1359 2433 1789 2497 Paris-iensem
1814 2431 2106 2515 appellat
2121 2430 2166 2508 ⁵,
2197 2432 2488 2504 notatur,
2522 2432 2734 2493 totam
2757 2448 2948 2511 prae-

290 2527 549 2589 sentem
574 2525 741 2592 Dist.
768 2528 1083 2605 LXXIII.,
1119 2550 1286 2611 quae
1306 2529 1570 2612 incipit:
1612 2532 1939 2611 „Qualiter
1961 2528 2140 2593 ναν-θα
2174 2532 2320 2605 etc.,
2353 2547 2559 2608 usque
2585 2526 2667 2591 ad
2690 2525 2948 2590 initium

287 2623 661 2706 praesentis
692 2624 860 2691 Dist.
893 2626 1220 2693 LXXIV.:
1278 2629 1665 2709 „Quaeritur
1700 2629 1778 2692 de
1809 2625 1944 2692 his“
1985 2630 2109 2693 etc.
2146 2625 2497 2702 exclusive,
2547 2645 2676 2689 non
2710 2645 2750 2689 a
2783 2623 2949 2689 Gra-

288 2720 474 2786 tiano
522 2722 889 2805 provenire,
940 2726 1055 2789 sed
1103 2747 1142 2790 a
1173 2726 1587 2809 Paucapalea
1635 2726 1928 2791 additam
1961 2747 2106 2791 esse
2128 2722 2172 2791 6.
2236 2724 2415 2801 Quae
2461 2722 2715 2788 notatio
2749 2722 2948 2787 etiam

290 2818 763 2901 antiquissimis
809 2822 1136 2887 codicibus
1183 2845 1335 2890 mss.
1384 2824 1649 2890 Decreti
1695 2826 2137 2900 confirmatur,
2188 2823 2427 2906 quippe
2471 2821 2581 2904 qui
2623 2820 2805 2885 illam
2852 2822 2947 2884 di-

290 2921 681 2983 stinet-ionem
721 2922 826 2984 vel
872 2921 1247 2987 nullatenus
1284 2924 1592 3001 habeant,
1639 2923 1747 2987 vel
1794 2943 1952 2987 vero
2001 2921 2412 3002 designatam
2459 2941 2577 2984 ceu
2608 2919 2877 2984 Paleam
2904 2917 2946 2984 ⁷.

472 3016 600 3080 Pro
646 3016 748 3081 his
795 3018 1221 3085 dubitandum
1279 3010 1410 3085 non
1458 3024 1588 3097 est,
1653 3020 2139 3085 distinctionem
2198 3019 2380 3082 illam
2426 3040 2556 3083 non
2605 3017 2943 3093 GratianO,

290 3113 412 3177 sed
460 3115 599 3197 ejus
648 3114 961 3199 discipulo
1008 3118 1460 3202 Paucapaleae
1508 3139 1653 3183 esse
1701 3118 2136 3183 tribuendam.

479 3276 498 3308 ¹
536 3276 893 3345 Wattenbach,
931 3276 1044 3329 Das
1082 3275 1468 3329 Schriftwesen
1503 3275 1579 3328 im
1616 3276 1955 3330 Mittelalter.
2031 3276 2176 3346 Lips.
2220 3276 2373 3336 1871,
2412 3292 2462 3343 p.
2506 3274 2623 3327 196.
2662 3290 2781 3341 sqq.

477 3355 497 3387 ²
536 3353 638 3418 Qui
675 3355 732 3408 in
768 3373 868 3408 sua
909 3358 1131 3409 Summa
1167 3358 1381 3409 Decreti
1421 3357 1590 3425 (apud
1627 3357 1880 3409 Maassen
1895 3398 1910 3424 ,
1948 3356 2308 3425 Paucapalea,
2346 3355 2402 3407 in
2439 3353 2556 3408 citt.
2593 3352 2775 3406 relatt.
2814 3369 2949 3405 sess

287 3437 423 3487 tom.
463 3434 661 3488 XXXI.
714 3454 764 3505 p.
803 3436 952 3502 485.)
1010 3436 1068 3489 in
1112 3435 1382 3506 prooemio
1434 3436 1499 3489 de
1539 3436 1799 3490 Gratiano
1851 3437 1958 3490 ait:
2022 3435 2287 3499 „Cuilibet
2335 3452 2452 3504 cap.
2508 3433 2689 3500 (itulo)
2730 3432 2951 3486 titulum

287 3532 455 3568 suum
490 3515 762 3568 rubricam
779 3558 791 3579 ,
836 3534 943 3584 qua
979 3519 1216 3570 mentem
1255 3520 1312 3569 et
1347 3516 1685 3570 intellectum
1721 3517 1891 3570 totius
1929 3516 2153 3586 capituli
2190 3515 2380 3585 aperit,
2421 3556 2432 3567 .
2474 3556 2486 3567 .
2528 3556 2539 3567 .
2578 3512 2946 3583 praescribit.“

290 3594 370 3648 Et
406 3591 477 3647 ad
514 3612 559 3647 c.
603 3596 647 3647 1.
699 3596 763 3649 D.
803 3597 843 3649 I.
884 3597 990 3650 ait:
1051 3596 1250 3660 „Nota‚
1299 3597 1442 3665 quod
1478 3597 1551 3649 M.
1595 3596 1852 3663 (agister)
1896 3596 1960 3651 G.
2004 3596 2297 3662 (ratianus)
2339 3594 2466 3647 huic
2503 3594 2771 3664 capituIO,
2810 3593 2953 3646 sicut

290 3673 520 3727 cuilibet
555 3675 806 3742 sequenti
848 3675 1119 3730 rubricam
1157 3675 1504 3746 praescribit,
1544 3695 1652 3745 qua
1690 3677 1995 3731 continetur
2032 3694 2244 3729 summa
2282 3674 2508 3745 capituli
2544 3673 2824 3742 sequentis
2861 3672 2952 3726 vel

292 3753 520 3822 aliquid,
561 3756 702 3822 quod
737 3755 794 3808 111
831 3773 894 3808 60
931 3759 1017 3809 est
1054 3756 1459 3810 excellentius.“

479 3835 500 3870 ³
536 3834 696 3904 Apud
733 3837 983 3889 Mau-§sen
1019 3836 1057 3889 1.
1095 3855 1140 3890 c.
1180 3855 1230 3906 p.
1268 3837 1391 3890 482.
1429 3840 1538 3890 not.
1579 3838 1646 3891 85
1668 3855 1716 3891 a.
1898 3840 1922 3874 4
1959 3837 2068 3892 cfr.
2108 3854 2272 3906 supra
2309 3855 2359 3905 p.
2400 3836 2485 3889 29.
2524 3838 2634 3888 not.
2675 3836 2723 3888 5.

482 3917 502 3950 ⁵
540 3916 750 3968 Sehulte
764 3957 778 3983 ‚
831 3916 934 3969 Zur
973 3915 1301 3970 Geschichte
1353 3917 1447 3970 der
1496 3916 1774 3970 Literatur
1823 3918 1957 3971 iiber
2009 3919 2106 3971 das
2144 3918 2344 3970 Decret
2381 3916 2653 3970 Gratiana
2728 3914 2955 3967 Zweiter

295 3993 542 4061 Beitrag,
580 3994 636 4047 in
673 3995 788 4049 citt.
827 3996 1007 4049 relatt.
1047 4014 1182 4049 sess.
1222 3999 1351 4050 tom.
1390 3997 1579 4050 LXIV.
1620 4016 1670 4066 p.
1716 3998 1832 4050 114.
1869 4016 1989 4066 sqq.

479 4076 501 4110 θ
536 4074 805 4128 Nimirum
838 4079 963 4146 post
996 4093 1112 4129 can.
1139 4076 1371 4130 Placuit.
1403 4077 1550 4142 (ult.)
1588 4077 1653 4130 D.
1680 4077 1897 4131 LXXII.
1923 4078 1980 4131 in
2004 4078 2100 4130 illa
2128 4079 2351 4130 Summa
2373 4077 2453 4130 ita
2480 4076 2704 4130 dicitur:
2750 4074 2953 4140 „Quod-

296 4171 531 4222 cumque
556 4155 803 4223 sequitur
827 4158 952 4225 post
974 4156 1077 4209 hoc
1102 4157 1378 4210 decretum
1397 4174 1571 4224 usque
1591 4158 1660 4210 ad
1679 4157 1829 4210 illam
1855 4158 2285 4227 paragraphum:
2313 4161 2614 4226 ‚quaeritur
2638 4158 2701 4208 de
2724 4157 2823 4207 his‘
2850 4158 2954 4207 etc.

296 4235 643 4304 Paucapalea
678 4236 977 4306 apposuit.“
1061 4237 1246 4306 (Apud
1285 4238 1496 4289 Schulte
1531 4236 1567 4290 1.
1607 4255 1652 4291 6.
1694 4256 1744 4307 p.
1788 4239 1931 4304 133.)

482 4318 500 4349 '¹
538 4315 659 4369 Huc
696 4316 933 4385 pertinet
968 4334 1098 4386 prae
1137 4317 1369 4371 caeteris
1407 4318 1579 4370 codex
1614 4335 1715 4371 ms.
1743 4318 1963 4371 Decreti
2002 4318 2360 4372 bibliothecae
2388 4316 2624 4387 Capituli
2648 4314 2956 4384 Metropoli-

298 4395 407 4449 tari
448 4394 784 4449 Coloniensis
820 4413 962 4450 saec.
1002 4396 1121 4449 XII.
1166 4397 1489 4463 (Friedberq
1523 4397 1579 4450 in
1618 4397 1737 4451 citt.
1774 4398 2016 4467 prolegg.
2056 4398 2157 4452 col.
2197 4398 2406 4465 XCV.),
2447 4397 2541 4466 qui
2576 4396 2729 4449 illam
2766 4398 2958 4448 distin-

300 4479 527 4529 ctionem
563 4492 783 4546 prorsus
833 4494 940 4529 non
990 4476 1171 4530 habet.
1247 4477 1385 4530 Item
1436 4478 1607 4531 codex
1645 4477 2027 4532 Palat.—Vatic.
2065 4497 2147 4531 nr.
2188 4478 2308 4531 622.
2387 4479 2658 4545 (Philum,
2696 4475 2956 4529 Kirchen-

298 4556 471 4620 recht,
521 4560 649 4609 tom.
689 4556 783 4610 IV.
821 4574 872 4626 p.
916 4558 1033 4611 160.
1085 4559 1194 4611 not.
1235 4558 1379 4624 37.)‚
1432 4557 1486 4610 in
1526 4575 1630 4626 quo
1666 4557 1764 4611 illa
1800 4560 2070 4612 distinctio
2108 4557 2312 4628 pariter
2348 4559 2502 4611 deest
2539 4560 2594 4610 et
2629 4556 2852 4625 insuper
2888 4557 2958 4609 ad

299 4636 600 4704 marginem
639 4638 956 4690 adnotatum
994 4640 1107 4691 est:
1167 4638 1290 4702 „Diz
1343 4637 1585 4691 LXXIII.
1639 4637 1868 4691 deficit.“
1948 4638 2114 4692 Porro
2163 4639 2221 4691 in
2267 4656 2408 4692 caeS.
2445 4654 2559 4704 reg.
2598 4636 2957 4690 bibliothecae

301 4717 468 4786 palat.
506 4711 735 4770 Vindob.
788 4717 970 4770 codice
1020 4734 1121 4771 me.
1159 4717 1378 4771 Decreti
1419 4717 1571 4783 (Cod.
1611 4718 1708 4771 lat.
1746 4736 1826 4771 nr.
1867 4719 2048 4784 2131.)
2105 4736 2176 4771 ex
2211 4735 2354 4771 saec.
2393 4718 2538 4773 XIII.
2578 4718 2648 4770 ad
2685 4717 2836 4770 illam
2874 4720 2957 4769 di-

300 4799 662 4866 stinctionem,
700 4814 839 4865 quae
876 4796 951 4850 ibi
988 4815 1085 4867 per
1121 4815 1357 4851 errorem
1394 4815 1475 4851 nr.
1514 4798 1733 4852 LXXII.
1771 4798 1988 4865 signata
2026 4802 2140 4862 est,
2178 4798 2440 4867 adposita,
2480 4816 2512 4851 a
2549 4798 2739 4852 seriori
2773 4801 2958 4851 tamen
