3355 5328
473 307 577 360 142
1268 308 1405 361 Pars
1442 308 1510 362 H.
1564 307 1922 364 Collectiones
1960 307 2327 362 decretalium.

465 488 614 533 rum
642 469 663 508 ¹
724 467 984 549 aliquae
1046 471 1320 551 propter
1378 468 1646 533 nimiam
1711 468 2201 535 similitudinem
2227 467 2252 507 ²
2269 518 2284 547 ‚
2346 472 2416 534 et
2475 468 2796 550 quaedam
2855 474 3099 554 propter

469 565 1029 643 contrarietatem,
1078 565 1430 631 nonnullae
1476 566 1679 632 etiam
1709 570 1981 651 propter
2025 566 2124 631 sui
2157 565 2628 651 prolixitatem,
2677 567 3099 633 confusionem

467 663 774 728 inducere
819 663 1244 742 videbantur,
1308 663 1567 746 aliquae
1626 685 1788 729 vero
1835 665 2255 746 vagabantur
2300 667 2496 730 extra
2542 665 2881 730 volumina
2926 674 3101 749 supra

456 760 644 827 dicta
670 760 714 839 ³,
765 781 932 843 quae
977 765 1293 844 tanquam
1339 761 1632 828 incertae
1677 763 2062 845 frequenter
2103 762 2173 827 in
2211 761 2471 846 judiciis
2516 762 2926 829 vacillabant
2945 764 2989 842 ⁴,
3029 764 3102 829 ad

466 878 875 924 communem
895 909 909 937 ,
974 864 1042 926 et
1086 859 1374 925 maxime
1421 861 1825 927 studentium
1843 910 1857 939 ,
1924 860 2282 927 utilitatem
2327 882 2448 944 per
2492 859 2802 927 dilectum
2848 861 3102 927 fiatrem

464 955 926 1040 Raymundum
939 1007 953 1035 ,
1017 958 1425 1041 capellanum
1473 963 1541 1025 et
1586 958 2165 1042 poenitentiarium
2209 962 2507 1024 nostrum
2530 1008 2545 1037 ,
2617 958 2766 1024 illas
2811 959 2881 1023 in
2927 980 3102 1024 unum

463 1055 772 1120 volumen
816 1056 1132 1122 resecatis
1163 1056 1511 1140 superfluis
1533 1056 1558 1095 ⁵
1603 1056 2010 1140 providimus
2040 1056 2433 1138 redigendas
2451 1056 2495 1136 ⁶,
2545 1057 2930 1141 adjicientes
2970 1078 3102 1123 con-

464 1153 843 1221 stitutiones
901 1158 1165 1220 nostras
1225 1159 1294 1222 et
1358 1155 1721 1221 decretales
1769 1155 2081 1239 epistolas
2099 1205 2114 1234 ,
2171 1175 2293 1240 per
2337 1174 2502 1238 quas
2546 1156 2860 1221 nonnulla
2878 1206 2892 1234 ‚
2959 1174 3103 1238 quae

466 1250 535 1315 in
580 1251 907 1334 prioribus
953 1255 1144 1317 erant
1192 1252 1404 1330 dubia,
1457 1253 1895 1320 declarantur.

657 1349 1009 1426 „Volentes
1053 1349 1276 1431 igitur,
1326 1353 1401 1417 ut
1446 1352 1572 1417 hac
1615 1355 1879 1418 tantum
1911 1351 2370 1435 compilatione
2406 1349 2697 1416 universi
2742 1355 3010 1417 utantur
3048 1350 3105 1415 in

459 1446 719 1530 judiciis
780 1451 848 1513 et
906 1447 974 1512 in
1032 1448 1271 1514 scholis
1300 1448 1341 1526 ⁷,
1408 1449 1767 1515 districtius
1794 1449 1820 1487 ⁸
1880 1449 2297 1533 prohibemus
2316 1500 2330 1528 ‚
2397 1470 2482 1515 ne
2532 1448 2678 1531 quis
2723 1452 3104 1533 praesumat,

468 1544 665 1609 aliam
692 1545 716 1585 ⁹
765 1544 984 1610 facere
1031 1546 1277 1628 absque
1324 1547 1724 1613 auctoritate
1772 1547 1958 1612 Sedis
2004 1547 2426 1632 Apostolicae
2472 1546 2795 1630 speciali.“

467 1735 683 1789 Walen.
720 1754 886 1790 unam
936 1737 1369 1808 compilationem
1419 1737 1551 1792 fecit
1571 1779 1585 1802 ,
1636 1755 1777 1807 quae
1828 1737 1957 1791 olim
2007 1741 2127 1792 erat
2176 1737 2429 1792 secunda.
2503 1737 2579 1793 Et
2629 1737 2910 1792 dicebatur
2953 1735 3107 1806 prima

467 1814 629 1868 Liber
678 1816 913 1885 primus;
966 1819 1204 1872 secunda
1256 1818 1563 1887 compilatio
1601 1818 1762 1871 Liber
1812 1818 2100 1872 secundus.
2174 1818 2334 1871 Bern.
2373 1820 2557 1872 autem
2573 1861 2586 1884 ,
2633 1818 2852 1872 Archid.
2895 1816 3108 1886 Campo„

468 1912 675 1949 moram
723 1897 949 1951 trahens
985 1898 1042 1951 in
1081 1898 1257 1962 Curia,
1297 1898 1363 1952 de
1412 1898 1648 1965 registro
1685 1898 1834 1951 Inno.
1875 1898 1968 1952 ΠΙ.
2021 1897 2318 1952 extrahens
2369 1899 2634 1967 quasdam
2679 1898 3008 1960 decretales,
3054 1896 3108 1948 de
3153 1893 3158 1897 ’

466 1974 580 2029 11118
616 1993 782 2029 11118111
818 1977 950 2031 fecit
999 1978 1461 2048 compilationem3
1516 1995 1655 2046 quae
1694 1979 1937 2032 Romana
1990 1977 2299 2048 compilatio
2339 1979 2654 2032 vocabatur.
2727 1979 2792 2031 In
2828 1995 2938 2047 qua
2975 1978 3111 2031 erant

468 2056 734 2124 quaedam
773 2056 1007 2122 inserta,
1061 2075 1200 2126 quae
1238 2058 1481 2111 Romana
1520 2057 1683 2111 Curia
1733 2075 1840 2110 non
1891 2057 2171 2127 approbat.
2247 2057 2404 2111 Unde
2441 2057 2559 2127 ipse
2596 2058 2846 2111 Innocen.
2885 2075 2983 2127 per
3013 2071 3109 2108 ma-

467 2135 702 2202 gistrum
739 2136 801 2191 P.
840 2137 1316 2202 Beneventanum,
1367 2137 1640 2192 notarium
1677 2154 1865 2201 suum,
1917 2136 2352 2207 compilationem
2400 2137 2519 2190 fieri
2560 2137 2721 2201 fecit,
2774 2153 2929 2206 (11180
2964 2133 3110 2190 tertia

468 2215 762 2271 dicebatur.
837 2217 910 2271 Et
944 2217 1053 2272 fuit
1089 2218 1157 2271 de
1208 2218 1571 2272 decretalibus
1622 2235 1721 2287 per
1768 2217 1950 2287 ipsum
2001 2216 2164 2271 editis
2201 2235 2375 2286 usque
2412 2217 2481 2271 ad
2522 2218 2604 2271 12.
2643 2235 2844 2271 annum
2879 2217 2967 2271 sui
3000 2231 3110 2286 pon·

465 2295 722 2351 tificatus.
797 2298 931 2352 Post
968 2316 1130 2367 quam
1171 2298 1347 2352 adhuc
1383 2298 1516 2353 fecit
1553 2299 1819 2368 quasdam
1856 2297 1994 2351 alias
2046 2297 2377 2363 decretales,
2432 2300 2489 2351 et
2523 2297 2580 2350 in
2625 2297 2850 2351 001101110
2887 2292 3111 2364 generali

468 2377 732 2444 quasdam
785 2378 1229 2444 constitutiones,
1282 2397 1358 2432 sc.
1400 2380 1497 2443 71,
1550 2379 1617 2432 de
1668 2395 1899 2447 quarum
1949 2377 2135 2431 ordine
2187 2376 2362 2431 dicam
2405 2377 2548 2430 infra
2586 2377 2652 2431 de
2687 2379 2928 2431 accusat.
2967 2373 3110 2464 capit.

468 2455 621 2510 810111
664 2457 719 2525 (1.
761 2475 805 2511 0.
844 2458 901 2511 111
938 2458 1185 2513 Novellis
1216 2421 1640 2523 commentariis,
1680 2459 1750 2512 ad
1787 2476 1904 2528 cap.
1932 2457 2016 2512 25.
2045 2457 2111 2511 Χ.
2139 2459 2206 2514 de
2244 2460 2508 2512 accusatt.
2535 2457 2603 2511 V.
2634 2458 2679 2511 1.
2705 2475 2758 2510 11.
2787 2456 2883 2525 3.),
2924 2457 2988 2510 de
3012 2452 3109 2524 qui·

468 2536 570 2590 bus
608 2537 740 2591 fecit
778 2542 1031 2607 quartam
1069 2539 1519 2610 compilationem.
1593 2540 1826 2593 Demum
1862 2538 2133 2592 Honorius
2170 2538 2303 2592 fecit
2339 2537 2585 2607 quintam
2602 2579 2614 2601 ,
2666 2555 2831 2605 quam
2865 2536 3109 2605 magistro

468 2616 762 2683 Tancred0,
801 2618 1023 2688 antiquo
1062 2619 1268 2674 doctori
1291 2623 1476 2674 nostro
1502 2621 1559 2673 et
1582 2618 1747 2674 Arch.
1774 2619 1924 2684 Bon„
1965 2618 2179 2674 direxit.
2230 2619 2312 2674 De
2337 2617 2534 2689 quibus
2560 2616 2808 2673 omnibus
2835 2615 3111 2685 Gregorius

467 2697 602 2751 fecit
629 2701 836 2752 unam.“
901 2699 1011 2753 cfr.
1041 2702 1288 2770 Philleos,
1314 2700 1724 2765 Kirchenrecht,
1750 2703 1879 2754 tom.
1905 2699 2000 2754 IV.
2027 2718 2078 2770 p.
2106 2701 2228 2754 271.
2255 2717 2363 2769 sq.;
2404 2701 2632 2764 Schulte,
2673 2698 2775 2753 Die
2803 2696 3109 2753 Geschichte

468 2777 564 2830 der
602 2777 844 2843 Quellen‚
881 2782 1010 2833 tom.
1048 2780 1115 2833 H.
1154 2798 1205 2850 p.
1244 2781 1295 2835 8.
1333 2798 1416 2848 sq.

654 2861 665 2890 ¹
706 2857 791 2912 Sc.
832 2859 1170 2913 diversarum
1208 2860 1660 2914 constitutionum
1698 2863 1755 2914 et
1790 2859 2145 2914 decretalium
2182 2860 2549 2930 epistolarum.

649 2940 669 2972 ²
708 2937 817 2993 cfr.
857 2940 1204 3010 Imperatoris
1239 2940 1536 2994 Justiniani
1572 2941 1612 2994 I.
1652 2940 1689 2993 l.
1729 2940 1895 3004 Haec,
1934 2957 2089 3009 quae.
2130 2939 2163 3006 ἓ
2202 2940 2410 3005 Quibus
2446 2939 2773 3010 specialiter.
2814 2940 2863 2993 2.
2903 2940 2964 2993 de
3001 2953 3110 2991 nov.

469 3016 597 3071 Cod.
648 3018 879 3072 faciend.
897 3061 910 3084 ,
959 3020 1018 3073 in
1069 3021 1248 3075 fronte
1303 3021 1476 3090 ipsius
1530 3020 1776 3084 Codicis;
1833 3038 1990 3090 porro
2047 3023 2276 3088 ejusdem
2320 3020 2355 3075 1.
2416 3020 2576 3074 Cordi
2630 3020 2816 3089 nobis,
2873 3019 2903 3087 ἓ
2951 3018 3112 3087 Supra

466 3097 642 3151 (110118.
665 3098 713 3152 3.
755 3099 820 3152 de
858 3100 1231 3154 emendatione
1272 3100 1398 3155 Cod.
1431 3101 1743 3165 Justinian„
1781 3100 1908 3154 ibid.
1953 3100 2102 3170 (vide
2139 3101 2282 3154 infra
2320 3101 2545 3171 append.
2585 3100 2621 3155 1.
2661 3118 2705 3155 0.
2746 3100 2779 3167 ἓ
2821 3099 2900 3153 14.
2927 3102 2981 3153 01
3008 3095 3101 3164 17.)

650 3180 670 3213 ³
709 3178 794 3233 01.
833 3198 886 3233 v.
926 3183 1294 3248 vaqabantur:
1350 3181 1527 3247 „Quas
1564 3181 1777 3235 videbis
1814 3199 1910 3251 per
1946 3180 2141 3235 titulos
2188 3180 2512 3246 collocatas3
2564 3180 2704 3235 istae
2740 3198 2849 3234 non
2884 3181 3031 3233 erant
3063 3176 3112 3230 in

467 3257 694 3327 antiqua
731 3260 1126 3330 compilatione.
1200 3261 1274 3315 Et
1310 3264 1439 3315 811111
1474 3262 1614 3316 18180
1651 3262 1796 3315 infra
1834 3263 1900 3315 de
1937 3261 2115 3315 servis
2158 3280 2266 3315 non
2302 3262 2470 3316 ordin.
2511 3279 2627 3332 cap.
2667 3261 2924 3315 miramur
2963 3259 3029 3329 (c.
3066 3259 3107 3311 7.

468 3338 534 3391 X.
574 3339 613 3392 I.
657 3338 798 3408 18.);
849 3340 993 3394 infra
1032 3342 1097 3395 de
1141 3341 1341 3409 bigam.
1395 3360 1511 3411 cap.
1552 3360 1584 3395 a
1621 3342 1777 3396 nobis
1834 3343 1973 3412 (cap.
2014 3343 2063 3395 7.
2103 3341 2169 3395 X.
2206 3342 2251 3396 I.
2288 3341 2399 3411 21.)
2456 3344 2513 3395 et
2546 3342 2627 3395 ita
2665 3342 2732 3395 de
2769 3341 2933 3395 aliis‘
3010 3338 3108 3392 cfr.

468 3436 635 3488 supra
673 3420 705 3486 ἓ
747 3421 830 3475 73.
870 3439 922 3491 p.
965 3422 1083 3475 135.

646 3502 671 3536 4
708 3504 871 3555 Joan.
913 3504 1182 3570 Andreae,
1221 3501 1452 3555 Novella
1491 3504 1794 3565 comment„
1832 3501 1888 3554 in
1923 3500 2172 3569 Gregorii
2210 3501 2303 3556 IX.
2342 3501 2549 3555 bullam
2584 3501 2841 3572 publicat.
2878 3503 2989 3554 Rex
3011 3515 3107 3567 pa·

468 3581 667 3649 citicae,
705 3599 758 3634 v.
797 3583 932 3651 Rex,
970 3581 1011 3635 I.
1050 3600 1102 3635 n.
1143 3582 1258 3636 27.:
1304 3584 1602 3647 „Vacillare
1639 3584 1726 3635 est
1762 3599 1869 3636 non
1906 3600 1966 3635 se
2002 3582 2218 3635 firmare
2254 3582 2313 3635 in
2349 3582 2521 3636 altero
2559 3581 2986 3636 contrariorum*

651 3663 671 3696 ⁵
709 3662 771 3714 Id
808 3664 921 3715 est:
975 3661 1452 3715 constitutionibus
1502 3666 1558 3715 et
1610 3661 1974 3716 decretalibus
2026 3662 2271 3732 epistolis
2321 3663 2799 3733 praedecessorum
2840 3656 3106 3730 superfluis

471 3756 570 3792 seu
606 3739 891 3794 inutilibus
928 3746 1146 3795 omnino
1184 3745 1406 3795 omissis.
1482 3743 1543 3796 Id
1579 3744 1818 3796 testatur
1856 3741 1941 3796 Gl.
1981 3761 2033 3796 v.
2072 3746 2335 3812 resecatis,
2375 3742 2588 3796 dicens:
2639 3741 2860 3808 „Potest
2893 3757 3012 3807 ergo
3046 3737 3105 3792 D.

470 3819 621 3888 Papa
672 3821 932 3888 derogare
983 3822 1460 3876 constitutionibus
1510 3823 1988 3892 praedecessorum
2039 3824 2307 3876 suorum.“
2364 3851 2434 3860 —
2491 3821 2595 3888 „Et
2644 3825 2731 3877 est
2779 3821 2914 3875 ratio
2929 3863 2940 3884 ‚
2987 3817 3104 3887 quia

470 3900 659 3953 eadem
708 3918 938 3969 persona
989 3906 1241 3957 censetur
1291 3921 1414 3956 cum
1452 3921 1513 3956 eo
1532 3945 1544 3966 ‚
1595 3902 1685 3956 cui
1734 3901 2025 3957 succedit.“
2101 3903 2269 3956 Porro
2306 3902 2362 3956 id
2398 3906 2636 3957 testatur
2673 3906 2837 3956 Joan.
2875 3902 3104 3955 Andreae

466 3979 502 4032 l.
544 3998 589 4034 c.
628 3998 680 4034 v,
719 3983 853 4050 Rex,
891 3983 930 4035 I.
970 4000 1021 4036 n.
1063 3982 1166 4046 31„
1214 3983 1424 4036 dicens:
1484 3982 1616 4048 „Qui
1652 4000 1784 4049 ergo
1823 3982 2124 4037 decretales
2161 3982 2417 4052 antiquas
2453 3982 2557 4037 hoc
2595 3982 2867 4040 volumine
2902 3997 2995 4034 non
3030 3976 3102 4030 in·

467 4064 645 4114 sertas
682 4061 739 4114 in
772 4062 991 4132 judiciis
1029 4063 1310 4130 allegaret,
1350 4062 1573 4117 crimine
1611 4063 1741 4117 falsi
1775 4066 2101 4117 teneretur.“

648 4144 668 4179 ⁵
704 4141 789 4195 Ad
842 4143 983 4211 quod
1022 4146 1183 4197 Joan.
1227 4146 1480 4197 Andreae
1515 4144 1552 4197 1.
1593 4161 1638 4196 0.
1679 4161 1732 4196 v.
1779 4146 1928 4212 Reae,
1978 4144 2018 4196 I.
2057 4161 2109 4197 n.
2151 4143 2235 4198 38.
2258 4185 2271 4207 ,
2323 4160 2625 4213 provocans
2674 4143 2744 4197 ad
2794 4142 3103 4196 Vincentium

467 4224 804 4291 Hispanum,
858 4222 1193 4276 canonistam
1243 4241 1385 4277 saec.
1424 4223 1570 4276 XIII.
1630 4223 1897 4292 (Schiche,
1948 4221 2049 4276 Die
2088 4222 2416 4277 Geschichte
2468 4223 2564 4276 der
2610 4222 2862 4288 Quellen,
2908 4224 3022 4274 tom.
3059 4215 3097 4268 I·

466 4321 517 4371 p.
561 4303 676 4355 191.
717 4303 860 4371 sqq.)
922 4304 1201 4368 observat,
1259 4303 1472 4357 dicens:
1537 4303 1687 4368 „Non
1741 4302 1975 4357 intendit
2029 4304 2328 4357 secundum
2390 4320 2514 4356 eum
2567 4302 2861 4370 Gregorius
2911 4298 3098 4358 tollere,

467 4381 572 4435 nisi
609 4382 849 4436 ordinem
888 4383 1282 4453 scripturarum
1331 4383 1750 4452 praeteritarum
1768 4425 1780 4447 ,
1833 4386 1890 4436 et
1938 4382 2310 4453 pluralitatem
2361 4400 2643 4453 corporum
2687 4383 2743 4451 (i.
2784 4401 2828 4437 e.
2871 4376 3099 4448 compila-

466 4462 695 4530 tionum)
737 4463 795 4516 in
832 4481 1000 4517 unum
1038 4481 1232 4533 corpus
1274 4462 1522 4530 redigere
1559 4463 1730 4517 vult.“

650 4546 668 4578 '¹
705 4542 791 4597 Ad
829 4544 974 4612 quod
1012 4543 1097 4597 01.
1137 4562 1189 4597 v.
1241 4547 1302 4597 in
1325 4545 1556 4610 judiciis
1592 4545 1775 4607 notat,
1828 4542 2041 4597 dicens:
2101 4543 2234 4608 „Hic
2278 4543 2544 4614 praecipit
2579 4543 2760 4614 Papa,
2812 4545 2870 4596 ut
2902 4541 3095 4594 tantum

469 4620 572 4674 hac
609 4623 986 4692 compilatione
1023 4623 1267 4678 universi
1303 4626 1543 4677 utantur.
1620 4622 1761 4687 Quid
1812 4623 1918 4677 erit
1933 4665 1946 4687 ,
1997 4623 2045 4676 si
2095 4622 2264 4692 aliqui
2314 4623 2523 4678 vellent
2557 4624 2640 4677 uti
2677 4627 2732 4677 et
2768 4623 2937 4690 legere
2967 4616 3096 4687 prio·

469 4718 582 4754 rem
599 4703 628 4755 ⁶?
666 4703 816 4766 Dice,
842 4705 985 4772 quod
1008 4703 1092 4757 illi
1117 4707 1302 4758 essent
1326 4702 1842 4767 excommunicandi,
1870 4702 1998 4772 quia
2024 4703 2234 4758 faciunt
2257 4707 2444 4758 contra
2469 4705 2784 4759 mandatum
2803 4697 3087 4768 Principis,⁸

652 4783 672 4816 8
706 4782 858 4836 Idem
894 4800 987 4837 ac:
1027 4784 1239 4838 omnino
1278 4782 1525 4837 districte
1562 4800 1660 4836 seu
1699 4782 1912 4837 omnino
1950 4801 2157 4839 severe.
2340 4786 2362 4819 ⁹
2399 4783 2483 4838 80.
2523 4783 2954 4854 compilationem.
