3355 5328
348 298 454 353 216
1151 305 1289 359 Pars
1327 307 1395 360 ΙΙ.
1444 307 1802 363 collectiones
1840 311 2207 364 decretalium.

348 465 452 527 est
496 465 825 548 inscriptio
839 516 858 547 ,
923 488 1089 548 quae
1135 472 1359 534 tamen
1405 470 1735 537 interdum
1780 472 1953 538 falsa
1999 477 2102 539 est
2120 523 2135 551 ,
2184 477 2383 555 atque
2430 474 2852 536 summarium
2865 495 2895 554 ;
2938 469 3008 535 in

344 560 473 623 fine
505 565 726 626 autem
758 562 1019 629 adnexa
1050 570 1151 631 est
1184 567 1550 649 designatio
1583 574 1700 636 loci
1746 574 1815 636 et
1861 574 2176 657 temporiS,
2226 592 2352 653 quo
2390 570 2505 635 illa
2535 570 3007 651 Extravagans

347 656 793 739 originetenus
841 662 1021 728 edita
1066 663 1210 730 fuit.

521 757 795 842 Insuper
840 761 1125 827 Joannes
1175 764 1500 849 Chappuz's
1559 767 1644 831 ad
1706 768 2017 832 nonnulla
2064 767 2284 850 capita
2329 767 2565 831 breves
2611 766 3004 844 notationes,

344 851 605 919 criticas
652 856 921 936 aliasve,
972 860 1233 943 adJ‘ecit.
1311 864 1417 929 Ita
1462 886 1525 929 V.
1575 885 1638 946 g.
1688 865 1774 930 ad
1821 887 1960 949 cap.
2010 888 2117 931 un.
2168 866 2248 930 de
2294 866 2533 948 postul.
2581 864 2632 929 I.
2680 866 2739 929 2.
2788 885 2851 930 v,
2902 887 3005 929 ca-

343 952 691 1018 thedralem
750 960 818 1021 et
872 977 936 1023 v,
992 962 1341 1042 postulatos
1399 984 1541 1026 vero
1556 986 1584 1045 ;
1641 963 1729 1028 ad
1789 984 1928 1047 cap.
1979 965 2040 1029 4.
2102 964 2181 1028 de
2237 963 2424 1028 elect.
2474 963 2524 1028 I.
2575 964 2635 1027 3.
2685 984 2749 1027 v,
2807 962 3006 1026 Boni-

338 1048 504 1131 facii
549 1052 765 1136 VIII„
827 1075 892 1121 v.
960 1057 1290 1122 Clementis
1303 1111 1323 1143 ,
1385 1081 1448 1125 v.
1511 1061 1831 1126 tenoribus
1845 1113 1864 1144 ,
1926 1083 1988 1127 v.
2041 1064 2381 1146 pensiones
2393 1085 2421 1143 ;
2481 1060 2566 1124 ad
2621 1081 2762 1143 cap.
2818 1063 2873 1125 l.
2925 1060 3005 1124 de

344 1145 572 1214 simon.
622 1151 702 1215 V.
758 1154 813 1217 1.
863 1174 926 1219 v.
976 1176 1150 1221 sane.

522 1245 701 1323 Quae
762 1250 1099 1334 dispositio
1161 1253 1351 1337 hujus
1412 1256 1814 1322 collectionis
1874 1260 2142 1322 servata
2203 1260 2307 1322 est
2363 1257 2433 1320 in
2493 1254 2791 1322 omnibus
2850 1255 3004 1320 sub-

342 1345 765 1425 sequentibus
812 1349 952 1432 ejus
1000 1350 1391 1417 editionibus
1438 1375 1643 1436 usque
1691 1354 1775 1419 ad
1820 1354 1945 1419 hoc
1989 1358 2269 1437 tempus,

520 1443 611 1508 Et
668 1444 832 1510 11666
892 1448 1188 1514 collectio
1250 1455 1386 1530 est,
1449 1473 1617 1534 quae
1676 1474 1849 1517 1111116
1906 1453 1976 1516 111
2037 1452 2427 1518 editionibus
2483 1451 2784 1535 Corporis
2836 1450 3005 1534 juris

342 1540 635 1606 canonici
683 1544 802 1607 sub
849 1546 1142 1612 nomine:
1191 1549 1704 1634 Extravaqantes
1751 1573 2104 1616 communes
2149 1550 2513 1615 adducitur.

521 1638 722 1705 Citari
771 1643 1066 1710 collectio
1112 1646 1275 1711 haec
1322 1647 1492 1713 solet
1535 1648 1883 1714 indicando
1931 1658 2120 1735 caput
2168 1652 2237 1714 613
2284 1651 2568 1731 titulum,
2625 1668 2772 1712 cum
2817 1647 3003 1712 addi-

339 1738 670 1803 tamento:
732 1741 918 1807 Extr.
970 1765 1182 1810 comm.
1277 1744 1489 1829 Caput
1535 1750 1604 1812 et
1647 1747 1881 1813 titulus
1932 1748 2160 1813 eodem
2206 1747 2398 1812 modo
2459 1746 2830 1811 indicantur
2847 1796 2861 1824 ‚
2925 1766 3003 1810 66

342 1853 542 1917 supra
589 1835 668 1900 de
717 1839 1097 1906 collectione
1147 1842 1553 1924 Gregoriana
1600 1848 1668 1910 et
1716 1844 1861 1910 aliis
1910 1845 2154 1911 dictum
2202 1848 2324 1910 est.
2412 1845 2492 1910 V.
2543 1865 2606 1925 g.
2657 1865 2797 1927 cap.
2839 1842 3003 1920 Quia

340 1933 651 2000 nonnulli.
716 1935 797 1999 (16
857 1942 1023 2005 sent.
1075 1961 1391 2007 excomm.
1454 1942 1645 2008 Extr.
1698 1964 1964 2020 comm.;
2028 1965 2169 2027 cap.
2219 1946 2280 2009 4.
2333 1944 2412 2007 de
2459 1946 2626 2008 sent.
2681 1962 2999 2007 excomm.

339 2028 531 2097 Extr.
583 2053 812 2120 comm.

476 2139 481 2145 ’
518 2129 793 2196 Ν11111611
839 2134 990 2200 libri
1036 2140 1104 2201 et
1150 2140 1318 2202 tituli
1363 2138 1430 2201 in
1475 2137 1689 2203 indice
1749 2138 2155 2205 rubricarum
2202 2138 2543 2205 titulorum
2588 2136 3001 2221 alphabetico

341 2226 568 2292 eodem
629 2230 820 2296 modo
883 2233 1236 2314 quaerendi
1282 2240 1468 2315 sunt,
1531 2257 1610 2301 66
1670 2258 1871 2321 supra
1918 2238 1998 2302 de
2045 2237 2191 2302 aliis
2239 2236 2728 2302 collectionibus
2776 2235 3002 2299 decre-

338 2324 572 2391 talium
617 2327 741 2393 hoc
786 2334 1090 2414 respectu
1138 2331 1439 2400 diximus,
1511 2336 1588 2399 In
1620 2338 1935 2401 communi
1978 2335 2190 2400 indice
2221 2334 2626 2400 rubricarum
2658 2333 3002 2400 titulorum

342 2422 953 2507 determinationeS,
1021 2429 1104 2494 ad
1179 2430 1349 2496 hanc
1409 2432 1860 2499 collectionem
1924 2437 2339 2517 spectanteS,
2406 2432 2752 2515 signantur
2816 2452 3001 2497 voc.:

338 2521 524 2589 Extr.
576 2547 788 2591 comm.

516 2620 658 2698 Qua
686 2623 943 2690 ratione
974 2626 1155 2692 locus
1187 2648 1387 2712 supra
1419 2628 1660 2696 citatus
1694 2628 2098 2712 dignoscitur
2129 2628 2363 2696 referri
2393 2629 2461 2694 in
2491 2628 2599 2696 lib.
2635 2629 2716 2695 V.
2749 2628 2854 2695 tit.
2893 2629 2996 2695 10.

515 2720 709 2803 Apud
756 2725 1156 2790 recentiores
1204 2728 1581 2794 canonistas
1613 2728 1868 2792 numeri
1915 2727 2062 2792 libri
2110 2732 2178 2793 et
2222 2728 2401 2794 tituli
2444 2728 2826 2812 plerumque
2858 2728 2998 2810 jam

334 2816 403 2881 in
447 2818 590 2902 ipso
638 2819 841 2887 citato
888 2821 1160 2887 indicari
1208 2825 1441 2891 solent.

513 2916 590 2981 In
635 2918 956 3001 reliquum
1004 2921 1084 2986 de
1131 2921 1443 2988 citatione
1501 2925 1694 3006 hujus
1756 2923 2157 2990 collectionis
2218 2924 2446 2990 eadem
2505 2923 2734 2989 valent
2752 2973 2766 3001 ‚
2831 2943 2999 3005 quae

335 3033 535 3097 supra
582 3016 662 3080 de
707 3017 1032 3098 prioribus
1065 3020 1555 3087 collectionibus
1587 3022 2016 3088 decretalium
2047 3023 2170 3087 1106
2201 3025 2507 3106 respectu
2537 3021 2788 3088 tradita
2819 3024 2993 3087 sunt.

811 3209 850 3295 ξ
897 3207 1034 3277 150.
1127 3212 1392 3280 Indoles
1441 3213 1804 3282 scientifica
1847 3214 2046 3302 hujus
2096 3214 2522 3282 collectionis,

514 3369 696 3447 Quod
744 3371 986 3439 attinet
1033 3374 1118 3438 ad
1162 3373 1445 3439 indolem
1493 3373 1918 3439 scientificam
1977 3375 2169 3457 hujus
2218 3370 2618 3437 collectionis
2636 3420 2650 3448 ‚
2714 3373 2817 3434 est
2864 3368 2996 3433 601-

334 3467 532 3533 lectio
597 3468 728 3534 ista
789 3470 1086 3535 omnibus
1151 3472 1640 3537 collectionibus
1695 3472 2021 3556 prioribus
2068 3472 2265 3552 longe
2329 3468 2618 3534 inferior.
2712 3465 2995 3544 Etenim,

333 3571 797 3649 praeterquam
845 3568 1015 3650 quod
1064 3570 1355 3636 continet
1401 3571 1747 3635 nonnullas
1784 3570 2326 3651 Extravagantes
2372 3588 2554 3632 mere
2600 3563 2997 3648 temporales

333 3667 402 3729 et
460 3664 704 3729 locales
735 3663 774 3743 ¹,
838 3667 1010 3748 quod
1071 3667 1332 3749 quidem
1393 3689 1430 3732 e
1489 3672 1681 3752 parte
1743 3668 1945 3733 etiam
2007 3667 2087 3733 de
2146 3666 2349 3751 priori
2393 3661 2996 3744 Extravagantium

333 3761 716 3827 collectione
761 3763 943 3829 valet
971 3763 1014 3841 ²,
1063 3765 1409 3831 adducitur
1453 3766 1522 3830 in
1568 3787 1666 3844 ea,
1718 3769 1786 3831 et
1833 3765 2093 3847 quidem
2138 3766 2207 3830 in
2251 3766 2380 3829 fine
2428 3785 2569 3847 cap.
2603 3783 2711 3827 un.
2748 3761 2828 3824 de
2873 3759 2995 3822 im-

331 3858 562 3925 munit.
631 3860 859 3926 666166.
917 3861 1032 3927 ΙΙΙ.
1088 3865 1188 3930 13.
1211 3914 1225 3942 ,
1288 3865 1762 3945 Extravagans
1808 3863 2029 3947 Papae
2080 3865 2413 3929 Clementis
2457 3863 2528 3927 V.
2552 3885 2573 3926 .·
2635 3858 2995 3924 Pastoralis

333 3979 493 4022 cura
507 4007 526 4040 ,
595 3978 762 4039 quae
809 3958 1070 4040 quidem
1117 3960 1271 4025 olim
1317 3962 1791 4043 Extravagans
1837 3960 2077 4040 fuerat,
2135 3964 2432 4027 attamen
2477 3964 2635 4024 tunc
2678 3951 2995 4038 temporis

329 4055 469 4139 jam
516 4054 789 4134 dudum,
853 4078 1000 4121 cum
1060 4059 1406 4124 omissione
1451 4059 1653 4138 initii,
1717 4058 1867 4124 inde
1913 4081 1954 4124 a
1999 4058 2302 4125 vocibus:
2368 4059 2683 4139 Quoniam
2734 4077 2807 4120 ex
2851 4074 2994 4118 con-

332 4156 650 4219 stitutione
694 4152 763 4218 in
811 4154 1260 4221 collectionem
1307 4157 1860 4223 Clementinarum
1906 4157 2159 4223 inserta
2206 4158 2351 4221 erat
2379 4153 2420 4221 ³.

516 4313 533 4345 ¹
572 4310 669 4365 Uti
706 4314 792 4365 est
828 4330 882 4365 v.
922 4329 974 4380 g.
1014 4311 1126 4376 illa,
1165 4330 1304 4380 quae
1341 4314 1577 4367 refertur
1613 4312 1671 4366 in
1708 4331 1825 4382 cap.
1867 4314 1916 4367 2.
1957 4313 2023 4367 de
2060 4312 2350 4383 privilegg.
2389 4311 2456 4365 V.
2498 4312 2547 4365 7.

513 4392 532 4424 ²
572 4386 682 4445 cfr.
722 4410 838 4462 cap.
882 4393 927 4446 1.
968 4393 1034 4447 (16
1072 4393 1227 4447 elect.
1265 4394 1307 4447 I.
1345 4393 1502 4448 Extr.
1543 4394 1699 4447 Joan.
1738 4393 1912 4447 XXII.

513 4473 533 4507 ³
573 4471 700 4542 Cap.
753 4491 842 4527 un.
883 4473 949 4526 de
985 4472 1253 4527 immunit.
1306 4474 1497 4528 666166.
1536 4474 1632 4528 ΙΙΙ.
1675 4474 1758 4527 17.
1833 4474 1914 4527 De
1967 4492 2071 4542 quo
2110 4476 2350 4526 Joannes
2387 4474 2641 4525 Andreae
2689 4469 2748 4524 in
2796 4469 2871 4537 gl.
2924 4467 2996 4522 ad

331 4551 434 4605 hoc
471 4570 589 4622 cap.
627 4571 680 4606 v.
726 4555 993 4618 Quoniam
1043 4572 1109 4607 ex
1145 4558 1514 4608 constitutione
1551 4555 1837 4619 observat,
1892 4554 2105 4608 dicens:
2164 4553 2267 4619 „Et
2302 4552 2409 4607 fuit
2444 4553 2554 4606 ista
2597 4551 2694 4621 (sc.
2734 4548 2995 4604 constitu-

329 4632 408 4686 tio
425 4674 438 4697 ,
489 4632 548 4685 in
583 4632 686 4686 hoc
723 4633 901 4704 capite
938 4633 1136 4702 relata)
1193 4634 1258 4688 de
1295 4634 1484 4704 primis
1536 4633 2016 4689 constitutionibus
2056 4633 2351 4688 Clementis
2367 4675 2381 4698 ,
2434 4632 2595 4687 editis
2647 4650 2680 4686 a
2729 4627 2995 4702 principio

330 4712 682 4782 promotionis
719 4730 881 4778 suae,
934 4717 991 4768 et
1025 4713 1348 4785 incipiebat:
1403 4717 1719 4769 Pastoralis.
1775 4714 1942 4786 Cujus
1980 4714 2181 4768 decidit
2218 4713 2499 4767 exordium
2516 4756 2529 4778 ‚
2568 4716 2692 4784 post
2729 4711 2873 4781 quod
2910 4727 2993 4764 66-

331 4792 626 4861 quebatur:
667 4794 811 4846 Sane
847 4797 1104 4863 quoniam
1143 4797 1276 4849 etc.“
