3355 5328
384 345 495 401 246
982 344 1286 416 Appendix.
1359 344 1694 399 Introductio
1730 344 1788 397 in
1826 344 1981 415 Corp.
2017 345 2121 416 jur.
2161 345 2266 399 civ.
2305 363 2436 400 rom.

395 507 592 573 simul
636 508 704 573 in
750 509 964 574 locum
1011 505 1316 573 Codicum
1363 506 1763 572 anteriorum
1785 557 1799 584 ,
1859 505 2245 572 nominatim
2295 506 2711 589 Gregoriani,
2772 507 3057 572 Hermo-

391 606 656 687 geniani
721 611 789 672 et
849 604 1284 671 Theodosiani
1307 655 1321 683 ,
1391 604 1500 688 qui
1564 625 1791 670 omnes
1850 603 2154 688 praefata
2219 604 2685 672 constitutione
2750 603 3057 687 abrogati

389 709 562 782 sunt,
613 704 993 771 succederet
1020 701 1062 769 ¹.

569 802 826 868 Dicitur
872 800 1169 868 collectio
1214 801 1329 866 ina
1380 802 1590 866 Codeoe
1622 802 1986 866 Justiniani
2030 801 2139 865 vel
2174 803 2384 866 Codex
2415 802 2862 867 Justinianeus
2888 799 2934 885 ²,
2984 805 3056 867 et

391 900 650 982 quidem
697 900 954 967 ratione
1002 899 1168 966 alius
1215 898 1468 964 Codicis
1487 949 1501 977 ,
1563 899 1645 964 ab
1697 899 1925 963 eodem
1970 899 2375 982 Imperatore
2422 899 2793 967 Justiniano
2841 898 3054 964 serius

388 998 720 1083 publicati,
771 999 992 1064 Codex
1037 996 1393 1063 Justiniani
1440 1005 1629 1063 vet-ua

568 1095 690 1173 Qui
734 1101 959 1162 tamen
1006 1095 1228 1160 Codex
1274 1095 1358 1160 ad
1405 1116 1525 1159 nos
1569 1116 1702 1159 non
1746 1094 2081 1178 pervenit3
2143 1095 2461 1179 temporis
2508 1095 2744 1179 injuria
2788 1094 3053 1179 penitus

390 1193 660 1261 interiit.

667 1367 706 1454 ξ
753 1365 846 1434 15.
939 1367 1216 1453 Digesta
1264 1385 1381 1433 seu
1426 1364 1805 1433 Pandectae
1852 1364 2283 1452 Imperatoris
2331 1343 2697 1433 Ju'stiniani
2722 1362 2766 1432 ³.

570 1528 914 1594 Publicato
961 1527 1066 1593 die
1116 1529 1173 1593 7.
1223 1526 1470 1610 Aprilis
1518 1528 1644 1591 529
1696 1526 1928 1592 Codice
1989 1548 2188 1610 supra
2233 1532 2595 1594 memorato
2616 1577 2630 1606 ,
2681 1527 3056 1610 Imperator

390 1627 435 1693 J
436 1626 802 1692 ustinianus
849 1625 1264 1703 TribonianO,
1312 1625 1569 1690 interea
1616 1625 1700 1690 ad
1747 1623 2139 1707 dignitatem
2186 1625 2555 1707 quaestoris
2596 1625 2777 1691 Sacri
2808 1625 3054 1691 Palatii

389 1727 653 1802 evect0,
704 1727 945 1790 const:
1004 1725 1140 1788 Deo
1189 1731 1473 1806 auctore,
1527 1723 1587 1788 d.
1639 1723 1699 1789 d.
1755 1724 1855 1788 15.
1904 1724 2062 1788 Dec.
2113 1725 2242 1788 530
2272 1726 2315 1802 ⁴,
2362 1723 2735 1802 mandavit,
2798 1726 2872 1789 ut
2928 1723 3050 1788 ad-

382 1822 628 1906 junctis
674 1821 797 1887 sibi
843 1821 1126 1886 sedecim
1173 1820 1318 1886 aliis
1364 1820 1524 1885 viris
1565 1820 2068 1904 jurisconsultis,
2122 1842 2283 1902 quos
2331 1822 2415 1886 ad
2459 1821 2583 1886 hoc
2628 1822 2896 1887 idoneos
2943 1842 3053 1886 re-

389 1923 689 2005 putaret,
751 1941 788 1985 e
835 1919 1096 2003 scriptis
1134 1918 1452 2002 juristicis
1512 1918 1916 1984 anteriorum
1955 1919 2570 2002 jurisconsultorum
2629 1940 3052 1985 romanorum

391 2039 490 2098 ea,
541 2040 707 2101 quae
755 2019 965 2084 adhuc
1011 2017 1157 2083 usui
1202 2016 1451 2095 forent,
1501 2020 1888 2100 excerperet
1936 2017 2294 2100 eademque
2342 2021 2657 2102 excerpta
2702 2038 2819 2083 seu
2864 2017 3053 2099 frag-

389 2119 614 2182 menta
660 2116 1014 2181 secundum
1059 2115 1440 2193 materiam,
1503 2114 1598 2179 eis
1646 2115 2183 2198 comprehensam
2202 2166 2216 2193 ,
2280 2120 2461 2181 certo
2509 2116 2768 2195 ordine,
2819 2115 3052 2181 habita

389 2214 778 2300 praesertim
837 2214 1064 2298 praxis
1117 2213 1501 2297 judiciariae
1523 2263 1538 2291 ,
1605 2216 1673 2278 et
1732 2212 1802 2278 in
1861 2213 2078 2297 specie
2138 2215 2356 2279 Edicta·
2413 2217 2711 2299 perpetui
2769 2213 3048 2292 ratione,

392 2312 767 2397 disponeret
813 2333 929 2378 seu
978 2312 1323 2394 digereret.
1401 2311 1479 2375 In
1526 2332 1653 2393 quo
1701 2311 1967 2393 negotio
2014 2312 2465 2394 prosequendo
2514 2313 2882 2396 Imperator
2926 2312 2971 2378 J
2972 2334 3051 2377 u-

390 2410 712 2477 stinianus
778 2410 957 2475 viros
1023 2410 1170 2475 illos
1230 2411 1311 2475 ab
1374 2409 1837 2475 observatione
1896 2431 2097 2493 supra
2157 2409 2220 2492 (ξ
2286 2410 2376 2491 8.)
2439 2410 2788 2477 memorati
2849 2410 3050 2477 edicti

392 2507 743 2587 citationis,
793 2510 875 2573 ab
907 2508 1420 2592 Imperatoribus
1452 2507 1817 2573 Theodosio
1866 2507 1947 2574 II.
1999 2510 2067 2573 et
2104 2508 2568 2574 Valentiniano
2613 2508 2729 2574 III.
2780 2507 3046 2587 conditi,

393 2607 653 2673 omnino
709 2606 956 2674 exemit
1001 2626 1242 2688 eosque
1300 2606 1755 2672 tantummodo
1816 2605 2329 2688 indigentiarum
2379 2606 2528 2673 aevi
2575 2606 2678 2672 sui
2721 2605 3050 2673 rationem

388 2706 634 2771 habere
673 2706 889 2789 jussit,
939 2705 1261 2787 simulque
1308 2705 1401 2770 eis
1438 2704 1798 2783 mandavit,
1848 2709 1924 2770 ut
1968 2705 2082 2769 illa
2127 2708 2441 2788 excerpta
2486 2725 2603 2770 seu
2649 2704 3047 2787 fragmenta,

388 2804 593 2870 sicubi
640 2805 802 2869 haec
848 2803 990 2868 sive
1036 2824 1260 2868 secum
1318 2803 1598 2868 invicem
1660 2803 1801 2868 sive
1861 2823 2010 2867 cum
2067 2802 2447 2885 indigentiis
2496 2807 2564 2869 et
2618 2802 3049 2869 relationibus

389 2902 538 2968 aevi
582 2902 757 2967 illius
801 2922 1099 2985 pugnare
1128 2901 1528 2978 viderentur,
1580 2900 1963 2985 opportunis
1993 2901 2484 2980 mutationibus,
2535 2900 3051 2968 detractionibus

387 3000 497 3065 vel
545 2999 982 3066 additionibus
1026 2999 1150 3065 hoc
1196 3003 1502 3082 respectu
1548 2999 1615 3064 in
1661 2999 2077 3064 concordiam
2123 3002 2515 3066 revocarent
2539 2998 2585 3065 ⁵.
2679 2998 2859 3075 Quae
2906 3020 3053 3063 mu-

387 3095 696 3175 tationeS,
746 3100 814 3162 et
858 3096 1245 3162 nominatim
1292 3096 1679 3175 additiones,
1730 3117 1771 3161 a
1816 3096 2136 3179 praefatis
2189 3097 2351 3162 viris
2397 3099 2516 3162 sub
2557 3096 2863 3180 auspiciis
2904 3099 3049 3162 Tri-

389 3196 653 3261 bom'ani
697 3195 765 3259 in
809 3198 1003 3260 textu
1047 3194 1307 3260 illorum
1355 3198 1818 3279 excerptorum
1864 3216 1980 3260 seu
2026 3193 2548 3276 fragmentorum
2580 3194 2819 3274 factae,
2869 3216 3052 3260 com-

390 3293 677 3359 muniter
725 3293 1141 3378 appellantur
1189 3293 1554 3358 emblemata
1610 3294 1989 3358 Triboniani
2015 3290 2059 3358 ⁶.

568 3391 673 3456 Ne
721 3395 943 3457 autem
989 3391 1255 3457 nomina
1298 3390 1559 3456 illorum
1599 3390 2215 3475 jurisconsultorum
2263 3394 2497 3474 postea
2541 3391 2609 3456 in
2656 3390 3054 3456 oblivionem

390 3489 667 3568 abirent,
710 3489 907 3573 jussit
937 3490 1307 3573 Imperator
1336 3490 1752 3554 ,festinianus
1783 3488 2244 3572 compilatores
2273 3489 2465 3572 hujus
2513 3487 2728 3572 operis
2774 3488 3054 3570 singulis

389 3586 781 3670 fragmentis
827 3608 943 3652 seu
990 3587 1320 3670 excerptis
1339 3637 1353 3665 ,
1415 3608 1547 3652 non
1594 3586 2008 3651 obstantibus
2063 3586 2535 3652 mutationibus
2554 3637 2568 3665 ,
2631 3607 2794 3668 quas
2838 3586 2909 3651 in
2955 3586 3053 3652 eis

389 3683 722 3764 fecissent,
770 3685 1123 3769 respectivi
1146 3685 1616 3769 jurisconsulti,
1664 3705 1702 3749 e
1734 3685 1916 3768 cujus
1949 3705 2147 3769 opere
2186 3684 2302 3749 illa
2331 3685 2571 3751 hausta
2602 3688 2775 3763 sunt,
2824 3706 3054 3750 nomen

393 3785 461 3848 et
506 3782 709 3866 ipsius
757 3782 972 3867 operis
1020 3787 1269 3849 titulum
1314 3783 1681 3866 praefigere
1705 3780 1747 3848 ⁷.

573 3942 592 3975 ²
631 3938 741 3993 Cfr.
781 3939 871 3993 cit.
911 3944 1112 3995 const:
1167 3942 1390 3994 Summa
1439 3941 1766 4008 reipublicae
1815 3939 1872 3992 in
1922 3939 2191 4009 prooemio
2230 3938 2443 3994 Codicis
2496 3939 2530 3992 J
2532 3937 2826 3992 ustinianei
2869 3938 3047 4007 (novi)

391 4019 494 4073 sub
529 4018 903 4089 inscriptione:
942 4022 1024 4074 De
1062 4023 1406 4075 Justinianeo
1448 4021 1638 4073 Codice
1674 4021 2060 4085 confirmanda

571 4102 592 4134 ²
630 4099 738 4154 Cfr.
777 4100 1125 4170 Imperatoris
1163 4103 1472 4155 Justiniani
1508 4103 1709 4153 const.:
1754 4100 1921 4153 Cordi
1957 4102 2123 4169 nobis,
2165 4100 2213 4154 d.
2255 4101 2303 4154 d.
2348 4100 2429 4153 16.
2469 4099 2605 4152 Nov.
2646 4099 2767 4164 534,
2811 4098 2844 4166 5
2883 4100 2933 4153 5.

573 4181 594 4215 ³
633 4181 853 4249 Puchta,
881 4180 1085 4234 Cursus
1106 4182 1201 4235 der
1219 4181 1479 4244 Institut.,
1504 4183 1544 4233 t.
1566 4180 1606 4233 Ι.
1635 4198 1686 4250 p.
1709 4179 1829 4234 392.
1851 4197 2001 4248 sqq.;
2029 4181 2307 4249 Karlowa,
2335 4180 2487 4234 Rom.
2508 4179 3053 4247 Rechtsgeschichte,

390 4277 442 4329 p.
464 4260 616 4314 1006.
634 4277 783 4328 sqq.;
811 4262 1048 4330 Kraqer,
1076 4260 1404 4315 Geschichte
1424 4261 1520 4314 der
1539 4259 1767 4325 Quellen
1791 4279 1843 4314 u,
1865 4260 2165 4314 Litteratur
2191 4261 2285 4313 des
2311 4268 2442 4314 rom.
2464 4259 2686 4324 Rechts,
2712 4278 2763 4330 p.
2786 4260 2908 4314 323.
2930 4277 3053 4330 sqq.

569 4341 592 4376 4
630 4338 779 4404 Quae
817 4339 1134 4394 constitutio
1188 4342 1425 4395 refertur
1471 4340 1528 4393 in
1564 4340 1916 4410 Imperatoris
1956 4339 2253 4394 Justiniani
2292 4339 2487 4394 Codice
2544 4339 2765 4409 (novo),
2817 4340 2853 4393 1.
2898 4341 2944 4394 1.
2985 4341 3054 4395 de

393 4419 568 4473 veteri
614 4419 736 4490 jure
775 4420 1122 4475 enucleando.
1161 4422 1364 4485 1.17.;
1418 4421 1741 4490 quandoque
1792 4420 1959 4474 etiam
1994 4420 2052 4473 in
2088 4419 2358 4491 prooemio
2396 4419 2745 4487 Digestorum
2762 4462 2777 4485 ,
2823 4421 2927 4475 sub
2964 4439 3054 4475 ru·

392 4498 566 4553 brica:
604 4501 686 4553 De
723 4503 1054 4568 conceptione
1090 4504 1445 4569 Diyestorum.

573 4582 594 4616 ⁵
632 4579 740 4633 Cfr.
781 4579 871 4634 cit.
912 4584 1112 4635 const:
1150 4584 1263 4634 Deo
1301 4589 1518 4634 auctore
1555 4580 1623 4648 ἐς
1661 4581 1711 4634 3.
1715 4580 1871 4635 -12,

573 4659 594 4694 ⁶
627 4654 713 4724 Ἔχ)
726 4657 834 4726 βλῃ
832 4678 892 4709 m
933 4659 1001 4713 ab
1039 4659 1274 4728 ἐμβάὶλω
1311 4683 1380 4706 =
1416 4660 1615 4731 injicio,
1653 4660 1849 4714 inser0.

575 4739 593 4773 '¹
630 4737 711 4791 De
763 4756 866 4806 quo
916 4738 1062 4792 idem
1110 4740 1410 4810 Imperator
1463 4740 1520 4793 in
1571 4744 1773 4795 const..
1838 4743 2044 4810 Tanta,
2102 4741 2151 4795 d.
2206 4741 2254 4795 d.
2311 4742 2393 4794 16.
2431 4741 2561 4795 Dec.
2601 4741 2736 4805 533,
2789 4758 2900 4810 qua
2949 4740 3056 4797 hoc

392 4834 531 4887 opus
568 4817 936 4883 confirmavit,
987 4818 1020 4885 ἕ
1062 4821 1144 4874 10.
1198 4820 1291 4884 ait,
1329 4823 1392 4873 ut
1430 4820 1711 4889 sequitur:
1770 4820 1977 4887 „Tanta
2015 4823 2198 4874 autem
2235 4838 2267 4874 a
2303 4820 2458 4875 nobis
2510 4821 2829 4890 antiquitati
2864 4820 3057 4876 habita
