3355 5328
360 222 426 277 18
1257 232 1394 286 Pal-s
1433 234 1472 287 Ι.
1526 235 1817 290 Decretum
1857 240 2118 296 Gratiani.

354 387 788 471 (484—507),
836 390 904 455 in
951 414 1141 457 usum
1188 395 1653 477 Romanorum,
1706 401 1828 466 sibi
1875 404 2301 484 subditorum,
2351 428 2388 472 6
2434 407 2742 490 praefato
2794 409 3041 475 Codice

353 486 808 554 Theodosiano
858 493 1057 570 atque
1106 512 1191 555 ex
1222 494 1530 577 operibus
1571 497 1888 579 juristicis
1919 504 2373 569 nonnullorum
2403 504 3043 587 jurisconsultorum

351 584 801 651 Romanorum
847 608 1017 653 saec.
1054 589 1134 654 II.
1187 594 1255 655 et
1301 592 1415 657 III.
1464 598 1617 676 post
1648 595 1817 673 Chr„
1868 599 2251 666 nominatim
2285 604 2459 685 Gaji,
2509 605 2681 668 Julii
2712 606 2921 670 Pauli
2971 610 3043 672 et

351 686 732 768 Papiniani,
783 685 1008 751 addita
1056 687 1529 755 difficilioribus
1571 693 1895 776 capitibus
1927 698 2045 761 sub
2077 698 2533 783 inscriptione:
2583 705 3042 787 interpretatio

347 782 767 866 paraphrasi,
817 783 1130 849 idiomate
1176 785 1384 852 latino
1431 787 1603 854 illius
1649 791 1936 873 regionis
1983 801 2315 879 concepta,
2366 800 2669 882 componi
2709 802 2919 883 jussit
2970 806 3043 867 et

348 903 407 946 a.
445 883 574 946 506
616 881 685 945 in
713 881 1030 964 peculiari
1061 883 1283 949 codice
1313 885 1693 968 publicavit,
1745 890 1854 971 qui
1886 891 2122 958 dicitur
2150 896 2289 959 Lex
2320 898 2621 961 Romana
2653 899 3040 983 Wisiqotho-

349 1003 514 1063 rum,
569 980 980 1044 Breviarium
1011 981 1483 1062 Alaricianum,
1532 986 1940 1053 Breviarium
1977 993 2223 1056 Aniam'
2251 991 2289 1076 ¹,
2344 996 2589 1078 Corpus
2639 997 3039 1062 Theodosia-

347 1101 520 1161 num,
568 1079 708 1142 Lex
764 1079 1206 1143 Theodosiana
1237 1081 1346 1144 vel
1393 1082 1594 1146 etiam
1639 1085 1837 1168 Leyes
1893 1089 2363 1156 Theodosianae
2388 1089 2433 1157 ².

528 1178 588 1241 2.
647 1174 1164 1241 Constitutiones
1197 1180 1378 1260 juris
1419 1185 1772 1263 ,qermanici
1784 1234 1803 1265 ,
1868 1188 1936 1249 et
1983 1186 2242 1267 quidem
2289 1191 2687 1272 praesertim
2740 1194 3039 1258 Franco-

345 1297 512 1356 rum,
563 1276 632 1337 et
677 1273 745 1336 in
793 1273 1009 1356 specie
1057 1273 1150 1337 sic
1199 1275 1374 1340 dicta
1424 1278 1831 1362 Capitularia
1877 1283 2119 1365 Requm
2165 1287 2597 1371 Francorum,
2649 1310 2824 1370 quae
2874 1295 3043 1356 sunt

346 1372 616 1435 decreta
677 1391 717 1434 a
781 1370 1048 1451 regibus
1094 1372 1496 1438 Francorum
1544 1396 1692 1439 cum
1753 1378 2019 1444 consilio
2068 1385 2136 1446 et
2191 1403 2512 1449 consensu
2561 1387 3040 1471 episcoporum

345 1473 413 1534 et
475 1469 789 1533 abbatum
851 1471 1051 1550 atque
1111 1491 1458 1553 procerum
1519 1475 1951 1539 saecularium
2014 1478 2190 1544 edita
2212 1476 2256 1558 ³,
2325 1503 2445 1547 nec
2507 1505 2642 1548 non
2699 1487 3040 1552 constitu-

342 1567 558 1632 tiones
605 1567 1088 1649 Imperatorum
1134 1568 2004 1638 Romano-Germanicorum
2024 1626 2037 1652 ,
2087 1576 2182 1642 uti
2229 1579 2618 1646 nominatim
2671 1584 2928 1649 Ottonis
2978 1587 3035 1651 Ι.

343 1663 757 1754 (936—973)
784 1663 829 1729 ⁴.

340 1846 380 1932 ξ
429 1844 519 1914 13.
611 1847 859 1922 Quibus
910 1847 1404 1914 collectionibus
1447 1849 1623 1935 juris
1671 1851 2105 1920 ecclesiastici
2153 1853 2511 1926 Gratianus
2560 1861 2629 1927 in
2680 1864 3040 1932 exarando

1233 1973 1430 2040 opere
1480 1974 1595 2020 suo
1643 1975 1800 2022 usus
1847 1959 2055 2026 fuerit
2075 1959 2121 2026 ⁵.

518 2103 751 2185 Neque
798 2106 1023 2168 tamen
1073 2102 1428 2168 Gratianus
1474 2103 1621 2168 illas
1668 2107 2097 2174 auctoritates
2145 2133 2369 2179 omnes
2417 2138 2503 2181 ex
2535 2139 2769 2184 earum
2817 2121 3037 2188 fonti-

336 2204 459 2267 bus
504 2200 759 2277 hausit;
809 2201 1008 2265 immo
1055 2200 1252 2282 longe
1283 2201 1599 2284 plurimas
1638 2224 1863 2268 earum
1896 2227 1930 2270 e
1970 2208 2136 2289 juris
2169 2213 2463 2278 canonici
2496 2217 3033 2299 collectionibUS,

338 2321 505 2382 quae
553 2303 712 2365 tunc
760 2299 1120 2363 exstabant
1143 2295 1186 2375 ⁶,
1239 2298 1661 2383 deprompsit.

515 2397 761 2474 Quibus
811 2400 1037 2462 autem
1082 2396 1381 2479 praecise
1422 2397 1590 2479 juris
1638 2399 2060 2467 ecclesiastici
2110 2406 2601 2475 collectionibus
2653 2413 3035 2482 Gratianus

331 2517 489 2560 usus
536 2495 739 2559 fuerit
757 2544 771 2571 ,
835 2493 1062 2575 utique
1111 2515 1259 2558 cum
1307 2494 1482 2558 omni
1544 2495 1934 2562 certitudine
1995 2501 2246 2567 definiri
2306 2508 2565 2588 nequit,
2632 2508 2839 2592 idque
2882 2514 3034 2596 jam

332 2594 501 2671 ideo,
553 2592 706 2674 quia
753 2591 942 2655 nobis
989 2591 1069 2656 de
1120 2591 1419 2655 omnibus
1460 2592 1627 2675 juris
1661 2594 2085 2662 ecclesiastici
2118 2602 2629 2686 collectionibus,
2683 2629 2862 2691 quae
2912 2611 3033 2678 illo

331 2695 646 2774 tempore,
681 2690 1058 2765 exstabant,
1108 2689 1397 2752 nondum
1443 2689 1635 2772 plene
1683 2696 1945 2758 constat
1968 2693 2008 2760 ⁷.

510 2787 830 2853 Attamen
878 2786 1116 2850 saltem
1164 2806 1310 2849 cum
1356 2807 1602 2866 magna
1639 2788 2200 2859 verisimilitudine
2230 2798 2395 2862 haec
2443 2822 2647 2884 opera
2679 2803 3034 2872 litteraria

331 2909 371 2951 a
422 2886 740 2951 Gratiano
787 2884 855 2947 in
904 2883 1241 2948 exarando
1288 2882 1495 2965 ipsius
1545 2905 1741 2965 opere
1789 2888 2080 2955 adhibita
2125 2892 2327 2960 fuisse
2375 2898 2504 2963 dici
2548 2906 2855 2983 possunt.

561 2985 617 3047 1.
668 2984 998 3046 Breviatio
1050 2983 1383 3045 Canonum
1430 2980 2131 3072 Fulqent=iiFerrand13
2182 3012 2349 3072 quae
2398 2999 2501 3060 est
2549 3001 3033 3082 compendium

329 3102 654 3145 canonum
702 3078 1105 3161 synodorum
1150 3078 1507 3142 latinarum
1554 3081 1625 3142 et
1656 3100 2059 3163 graecarum,
2110 3091 2178 3152 et
2206 3088 2442 3156 harum
2476 3095 2745 3175 quidem
2779 3120 3032 3165 secun-

328 3179 483 3243 dum
539 3176 913 3241 versionem
959 3174 1394 3240 Isidorianam
1455 3195 1575 3239 seu
1629 3177 2086 3260 Hispanicam,
2153 3206 2193 3248 a
2254 3188 2589 3273 Fulqentio
2638 3195 2709 3257 F
2704 3200 3030 3282 errandO,

326 3272 891 3356 Carthaginiensis
923 3272 1262 3336 Ecclesiae
1297 3272 1593 3351 diacono,
1642 3274 1852 3356 primo
1887 3277 2147 3345 dimidio
2180 3304 2350 3350 saec.
2388 3287 2501 3353 VI.
2538 3290 2958 3359 adornatum
2981 3293 3029 3362 ⁸.

510 3425 530 3458 1
568 3425 825 3475 Anianus
863 3423 982 3473 erat
1019 3419 1168 3487 regis
1203 3422 1421 3472 Alarici
1447 3422 1522 3472 II.
1561 3420 1959 3477 referendarius
1996 3442 2093 3478 seu
2131 3430 2506 3498 cancellarius,
2547 3438 2643 3504 qui
2683 3444 3032 3512 exemplari-

324 3505 427 3557 bus
466 3502 630 3572 hujus
669 3500 870 3554 codicis
887 3542 900 3565 ,
954 3500 1025 3553 ad
1063 3498 1291 3553 comites
1327 3499 1485 3566 regni
1522 3500 1957 3555 transmittendis
1973 3545 1986 3567 ,
2043 3507 2440 3579 subscriptione
2480 3532 2581 3569 sua
2619 3518 2791 3573 fidem
2830 3523 3032 3578 facere

325 3581 542 3646 debuit3
582 3581 725 3634 unde
763 3580 937 3634 codex
974 3579 1068 3632 1116
1106 3578 1272 3632 etiam
1309 3580 1661 3632 Breviarium
1698 3582 1910 3633 Auiani
1945 3582 2122 3638 dictus
2159 3590 2259 3641 est.

509 3663 529 3695 ²
568 3663 808 3727 Saviyny
844 3660 879 3713 l.
921 3676 966 3713 c.
1005 3662 1136 3712 tom.
1176 3659 1243 3711 II.
1295 3676 1348 3727 p.
1390 3658 1475 3711 37.
1517 3675 1666 3726 sqq.;
1722 3662 2057 3731 Mackeldey,
2108 3665 2395 3723 Lehrbuch
2453 3673 2549 3727 des
2603 3683 2745 3732 rom.
2786 3680 3033 3749 RechtS,

322 3743 404 3796 ed.
433 3741 581 3794 XIV.
638 3739 869 3793 Vindob.
901 3738 1040 3793 1862
1067 3755 1168 3805 sq„
1204 3741 1335 3792 tom.
1363 3738 1404 3790 I.
1445 3737 1477 3803 ξ
1504 3738 1590 3790 59.
1636 3736 1806 3801 Quem
1833 3740 2068 3795 codicem
2106 3746 2205 3798 sub
2241 3746 2429 3804 titulo:
2470 3756 2590 3806 Leae
2615 3758 2883 3813 Romana
2911 3765 3033 3817 W‘i-

320 3823 656 3889 siyothorum
681 3819 853 3872 edidit
885 3821 1155 3871 Gustavus
1179 3819 1389 3870 Haenel
1414 3816 1591 3869 Berol.
1624 3817 1990 3874 1847-1849.
2038 3822 2145 3876 cfr.
2174 3842 2218 3877 c.
2247 3826 2332 3880 22.
2374 3830 2626 3888 24.-27.
2658 3836 2718 3890 Ο.
2742 3840 2815 3893 II.
2847 3860 2946 3910 qu.
2978 3846 3031 3898 6.

320 3906 378 3955 et
413 3899 752 3954 notationem
793 3898 966 3964 (Corr.
1006 3898 1243 3962 Romm.)
1300 3897 1371 3949 ad
1408 3896 1498 3949 cit.
1538 3913 1583 3949 c.
1624 3897 1709 3949 22.
1750 3898 1865 3950 ead.
1885 3939 1897 3962 ,
1950 3917 2086 3967 quae
2123 3902 2338 3974 incipit:
2399 3910 2550 3974 „Hoc
2603 3919 2661 3968 et
2716 3924 3032 3988 sequentia

321 4000 385 4035 ca
424 3981 534 4034 ita“
580 3983 683 4032 etc.

386 4000 421 4052 p
502 4063 523 4097 ⁸
561 4061 779 4125 Walter,
818 4055 1097 4110 Deutsche
1124 4054 1665 4121 Rechtsgeschichte,
1706 4056 1786 4108 ed.
1815 4057 1881 4109 II.
1934 4058 2150 4114 Bonnae
2180 4064 2333 4129 1857,
2372 4070 2503 4123 tom.
2529 4072 2572 4125 I.
2615 4091 2667 4142 p.
2703 4077 2831 4133 164.
2863 4098 3033 4151 sqq.;

320 4143 509 4209 Sieyel,
548 4138 827 4193 Deutsche
864 4134 1408 4201 Rechtsgeschichte,
1449 4135 1530 4187 ed.
1570 4134 1747 4187 Berol.
1791 4135 1943 4200 1886,
1981 4156 2031 4207 p.
2072 4140 2154 4193 33.
2195 4160 2313 4212 sqq.
2369 4146 2479 4201 cfr.
2520 4168 2568 4204 c.
2610 4154 2661 4207 3.
2717 4156 2788 4211 D.
2832 4159 3033 4228 XIX.;

318 4240 362 4276 c.
405 4221 490 4275 34.
530 4220 595 4273 D.
636 4217 861 4279 LXIII.;
901 4234 948 4269 c.
989 4216 1074 4267 37.
1118 4214 1174 4268 C.
1215 4214 1308 4266 XI.
1350 4231 1438 4281 qu.
1483 4215 1559 4276 1.;
1599 4231 1644 4266 c.
1686 4215 1770 4267 27.
1813 4215 1867 4268 C.
1908 4216 2077 4271 XVII.
2117 4237 2205 4287 qu.
2243 4223 2293 4275 4.

498 4301 521 4335 4
561 4298 618 4352 C.
661 4298 746 4351 33.
786 4296 850 4349 D.
892 4294 1084 4348 LXIII.

499 4382 518 4415 5
556 4379 859 4444 Friedbery
895 4376 952 4428 in
991 4373 1109 4427 citt.
1150 4372 1396 4442 prolegg.
1438 4372 1537 4425 col.
1566 4372 1731 4426 XLII.
1760 4390 1909 4442 sqq.;
1949 4378 2532 4456 Richter-Dove-Kahl,
2572 4390 2883 4451 Lehrbuch
2926 4401 3039 4458 des

315 4460 522 4515 kathol.
563 4459 675 4511 und
714 4456 965 4523 evangel.
1006 4452 1451 4515 Kirchenrechts‚
1492 4452 1574 4504 ed.
1614 4452 1762 4504 VIII.
1815 4453 1959 4535 Lips.
2002 4456 2154 4521 1886,
2194 4477 2245 4529 p.
2287 4461 2406 4517 148.
2446 4471 2559 4522 not.
2600 4471 2652 4525 4.

495 4541 516 4575 f>
554 4535 1024 4590 Walter-Gerlach
1061 4534 1097 4586 l.
1139 4550 1184 4585 c.
1225 4531 1257 4596 ἓ
1301 4531 1418 4584 100.

496 4622 515 4653 '¹
557 4618 667 4672 cfr.
710 4617 941 4683 Sele-ulte,
979 4614 1082 4667 Die
1121 4610 1454 4666 Geschichte
1493 4610 1588 4662 der
1627 4609 1868 4674 Quellen,
1906 4615 2033 4665 tom.
2074 4614 2113 4667 Ι.
2153 4634 2203 4685 p.
2245 4619 2330 4674 63.
2370 4640 2452 4691 sq.

495 4701 515 4735 Β
553 4696 1022 4751 Walter-Gerlach
1060 4694 1094 4747 1.
1137 4711 1182 4746 c.
1223 4691 1256 4758 ἓ
1295 4691 1381 4744 87.
