3355 5328
1315 316 1495 370 Sectio
1531 317 1601 372 H.
1653 316 1687 383 ἓ
1726 318 1810 370 77.
2788 311 2887 365 141

421 479 834 562 „Gregorius,
882 478 1267 563 Episcopus,
1312 499 1545 544 servus
1577 499 1919 544 servorum
1948 476 2092 553 Dei,
2143 473 2397 540 dilectis
2427 471 2577 538 filiis
2610 470 2893 537 doctori-

232 578 356 642 bus
403 580 472 643 et
518 577 922 642 scholaribus
968 576 1293 642 universis
1323 575 1660 643 Bononiae
1694 573 2246 642 commorantibus
2292 571 2573 637 salutem
2622 573 2690 636 et
2736 590 2894 653 apo-

236 674 538 742 stolicam
583 674 1123 742 benedictionem.

424 773 605 851 „Rex
650 772 958 856 pacificus
987 772 1008 811 ¹
1057 772 1168 857 pia
1213 771 1637 838 miseratione
1687 771 2005 856 disposuit
2053 768 2177 835 sibi
2208 767 2503 834 subditos
2536 765 2679 830 fore
2710 764 2897 849 pudi-

233 892 344 937 cos
369 869 415 949 ²,
463 871 769 954 pacificos
795 867 819 906 ³
866 875 933 937 et
978 871 1310 937 honestos
1406 871 1534 936 Sed
1581 871 1903 936 effrenata
1950 867 2273 953 cupiditas
2300 865 2344 945 ⁴,
2394 864 2496 930 sui
2545 863 2824 947 prodiga
2848 862 2894 940 5,

232 968 415 1054 pacis
463 970 722 1034 aemula
747 969 792 1047 ⁶,
839 968 1124 1035 materia
1152 966 1174 1004 ⁷
1214 968 1601 1051 jurgiorum,
1650 972 1754 1034 tot
1786 965 2075 1050 quotidie
2119 985 2295 1031 nova
2338 962 2553 1044 litigia
2599 963 2895 1043 generat,

233 1070 308 1132 ut
326 1116 341 1146 ,
404 1066 528 1132 nisi
581 1065 845 1150 justitia
904 1071 1179 1134 conatus
1240 1067 1380 1150 ejus
1440 1087 1561 1132 sua
1619 1066 1872 1132 virtute
1916 1064 2305 1148 reprimeret
2351 1065 2421 1127 et
2475 1059 2894 1143 quaestiones

232 1164 439 1249 ipsius
463 1164 490 1203 ⁸
535 1163 885 1248 implicitas
911 1161 936 1203 ⁹
997 1163 1391 1248 explicaret,
1435 1165 1543 1247 jus
1588 1163 1858 1229 humani
1904 1161 2188 1228 foederis
2217 1156 2269 1198 ¹⁰
2321 1158 2732 1241 litigatorum
2780 1156 2895 1221 ab·

234 1283 393 1328 usus
455 1261 946 1343 exstingueret,
1016 1265 1086 1327 et
1151 1262 1305 1328 dato
1365 1262 1583 1328 libello
1648 1260 1901 1345 repudii
1930 1260 1980 1298 ¹¹
2042 1263 2236 1325 extra
2298 1256 2522 1322 mundi
2584 1253 2900 1322 terminos

236 1359 561 1426 exularet.
655 1360 940 1443 Ideoque
984 1360 1095 1425 lex
1139 1360 1439 1444 proditur
1466 1357 1539 1439 ¹²,
1600 1364 1675 1426 ut
1737 1358 2069 1443 appetitus
2130 1355 2366 1422 noxius
2422 1355 2542 1419 sub
2583 1352 2749 1437 juris
2795 1373 2900 1417 re-

235 1458 400 1541 gula
429 1457 770 1536 limitetur,
817 1478 937 1541 per
967 1479 1162 1540 quam
1193 1454 1242 1495 ¹³
1289 1479 1496 1539 genus
1526 1457 1904 1535 humanum,
1952 1460 2026 1522 ut
2056 1456 2331 1520 honeste
2362 1452 2570 1530 vivat,
2620 1452 2900 1516 alterum

236 1578 372 1622 non
416 1556 659 1633 laedat,
703 1556 812 1638 jus
858 1577 1046 1621 suum
1093 1555 1438 1638 unicuique
1483 1555 1755 1634 tribuat,
1802 1554 2198 1620 informatur
2227 1550 2298 1618 11.

430 1653 636 1732 „Sane
660 1651 712 1692 ¹⁵
781 1652 1077 1719 diversas
1138 1653 1639 1720 constitutiones
1702 1657 1771 1720 et
1833 1653 2197 1718 decretales
2260 1649 2573 1734 epistolas
2598 1644 2649 1687 ¹⁶
2710 1667 2902 1731 prae-

239 1751 659 1818 decessorum
757 1756 1134 1818 nostrorum
1160 1802 1175 1831 ,
1270 1752 1338 1817 in
1429 1752 1693 1818 diversa
1782 1750 2110 1836 dispersas
2180 1747 2514 1815 volumina
2555 1744 2644 1824 ¹⁷,
2741 1749 2902 1827 qua÷

240 1911 522 1977 (Pithon),
559 1907 732 1963 Paris.
775 1909 930 1974 1687,
967 1912 1023 1963 et
1058 1908 1257 1963 iterum
1296 1910 1432 1963 1695
1471 1908 1606 1963 haec
1643 1908 1796 1962 bulla
1832 1923 2054 1977 prorsus
2092 1907 2260 1960 deest.
2301 1935 2367 1944 —
2405 1904 2470 1956 In
2506 1901 2740 1956 editione
2779 1900 2903 1954 Cor-

238 1989 390 2060 poris
420 1989 527 2059 jnr.
569 2006 682 2042 can.
702 2030 715 2053 ,
754 1991 944 2043 curata
981 2006 1014 2042 a
1051 1990 1193 2043 Just.
1232 1991 1490 2057 Henninq
1525 1991 1775 2057 Bo'hmer,
1813 1987 1988 2041 Halae
2030 1987 2163 2040 1747
2182 2028 2195 2051 ,
2238 1984 2417 2055 posita
2455 1986 2540 2037 est
2575 1982 2632 2036 in
2667 1984 2796 2035 tom.
2834 1980 2902 2034 H.

240 2069 477 2125 Dissert.
517 2068 693 2123 altera
729 2067 761 2136 §
799 2068 936 2134 XV„
975 2069 1218 2139 prolegg.
1257 2087 1309 2139 p.
1348 2069 1544 2123 XXIX.
1584 2087 1666 2138 sq.

427 2151 446 2184 ¹
486 2150 649 2203 Joan.
689 2151 958 2218 Andreae,
995 2149 1227 2203 Novella
1266 2152 1567 2213 comment„
1606 2149 1662 2202 in
1702 2147 1952 2216 Gregorii
1984 2147 2077 2200 IX.
2113 2145 2323 2200 bullam
2358 2142 2616 2213 publicat.
2654 2143 2773 2195 Rex
2799 2157 2905 2208 pa-

242 2232 447 2299 cificae,
486 2247 538 2283 v.
576 2231 711 2294 Rex,
749 2229 790 2283 I.
828 2247 881 2283 n.
921 2229 970 2283 3.
1015 2228 1137 2297 (fol.
1170 2230 1220 2284 5.
1261 2230 1360 2284 col.
1402 2230 1507 2298 1.):
1552 2230 1643 2295 ,Id
1681 2233 1782 2293 est,
1819 2229 1983 2292 DeuS,
2021 2244 2210 2298 pacem
2244 2224 2498 2279 faciens,⁸

426 2310 448 2345 ²
487 2308 572 2363 Gl.
612 2309 681 2362 ad
717 2308 770 2362 h.
809 2327 888 2363 v.:
934 2309 1025 2375 „Id
1063 2312 1163 2373 est,
1203 2312 1430 2364 castos“

430 2390 451 2424 ³
490 2387 575 2442 Gl.
615 2389 685 2442 ad
720 2388 773 2442 h.
812 2407 895 2443 v.:
955 2388 1046 2454 „Id
1085 2391 1198 2453 est,
1245 2406 1435 2459 pacem
1473 2388 1860 2443 custodientes,
1934 2387 2090 2441 Unde
2129 2385 2295 2439 etiam
2333 2382 2530 2438 dicitur
2571 2380 2668 2450 (sc.
2707 2377 2906 2433 Matth.

243 2469 297 2534 5,
337 2467 449 2537 9.):
494 2467 666 2531 ,Beati
702 2467 931 2538 pacifici,
969 2468 1223 2538 quoniam
1265 2468 1366 2523 filii
1401 2467 1504 2522 Dei
1539 2469 1942 2523 vocabuntur‘.“

429 2548 455 2583 ⁴
493 2550 657 2602 Joan.
696 2551 952 2602 Andreae
986 2549 1023 2603 l.
1064 2567 1108 2603 c.
1145 2566 1199 2602 n.
1240 2550 1320 2603 6.:
1371 2549 1487 2615 „Ad
1524 2548 1936 2602 similitudinem
1974 2547 2100 2616 equi
2137 2544 2371 2600 effreni.“

433 2629 453 2664 ⁵
492 2627 578 2683 Gl.
617 2646 669 2683 v.
698 2631 940 2698 prodiya
954 2648 973 2683 .·
1014 2629 1165 2696 „Non
1200 2628 1376 2683 solum
1411 2646 1609 2694 rerum,
1653 2629 1751 2683 sed
1789 2628 1957 2683 etiam
1992 2628 2172 2682 famae
2209 2625 2333 2696 quis
2371 2626 2457 2679 est
2491 2620 2798 2694 prodiguS.“
2839 2647 2911 2657 --

249 2709 393 2777 „Sed
428 2708 489 2763 in
513 2727 591 2774 eo,
629 2710 772 2778 quod
798 2710 931 2764 dicit
944 2712 1184 2779 prodiga
1198 2751 1214 2779 ,
1253 2708 1471 2766 videtur
1496 2709 1600 2764 sibi
1626 2709 1898 2764 contraria
1923 2709 2109 2763 littera
2133 2708 2269 2771 ista3
2308 2705 2437 2775 quia
2461 2703 2633 2774 primo
2660 2701 2799 2757 dixit
2822 2718 2912 2753 ou-

231 2792 455 2859 piditas
460 2810 485 2857 ,·
510 2788 652 2858 quia,
673 2789 768 2858 qui
787 2793 873 2844 est
892 2793 1133 2859 cupidus,
1153 2808 1260 2844 non
1280 2793 1366 2844 est
1379 2793 1662 2859 prodique.
1704 2789 1794 2844 Sic
1812 2789 2082 2857 intellige:
2111 2790 2378 2857 cupiditas
2395 2785 2630 2839 refertur
2649 2783 2719 2837 ad
2736 2784 2911 2835 reten-

240 2870 452 2925 tionem
479 2869 876 2939 temporalium,
893 2872 1260 2939 prodiqalitas
1284 2871 1354 2924 ad
1380 2869 1790 2925 evacuationem
1809 2870 2094 2933 virtutum,
2122 2868 2250 2938 quia
2274 2884 2441 2921 unum
2467 2863 2694 2934 expellit
2711 2861 2905 2916 aliud.“

433 2950 455 2986 6
494 2951 657 3003 Joan.
697 2952 954 3003 Andreae
989 2950 1025 3005 l.
1065 2968 1112 3004 c.
1149 2968 1202 3004 n.
1244 2952 1323 3005 7.:
1369 2951 1460 3016 „Id
1498 2954 1598 3016 est,
1637 2968 1829 3020 pacem
1865 2950 2099 3004 odiens.“

435 3031 455 3064 '¹
494 3029 644 3083 Idem
681 3047 769 3084 ac:
809 3047 976 3084 causa
1014 3047 1112 3087 seu
1149 3030 1377 3084 occasio.
1561 3032 1582 3067 ⁸
1619 3030 1706 3085 Sc.
1746 3032 2039 3085 effrenatae
2084 3026 2415 3099 cupiditatis.

436 3110 458 3145 ⁹
493 3109 644 3163 Idem
681 3128 774 3164 ac:
812 3109 1122 3180 implicatas
1160 3127 1257 3164 seu
1295 3112 1569 3165 obscuras.

415 3189 459 3225 ¹⁰
497 3189 647 3244 Idem
684 3207 777 3244 ac:
816 3189 1085 3244 humanae
1123 3190 1403 3245 societatis
1440 3209 1538 3245 seu
1574 3191 1798 3245 humani
1834 3190 2065 3259 generis,

414 3270 460 3305 ¹¹
500 3268 585 3323 Gl.
623 3288 677 3323 v.
717 3272 892 3324 libello
929 3273 1148 3339 repudii
1160 3290 1178 3324 .·
1220 3288 1411 3340 „quem
1448 3270 1578 3325 olim
1614 3271 1845 3326 maritus
1884 3271 2049 3325 dabat
2089 3268 2294 3323 uxori.“
2362 3266 2435 3320 Et
2459 3268 2623 3320 Joan.
2663 3265 2918 3317 Andreae

240 3350 280 3405 l.
323 3368 373 3405 c.
416 3367 469 3402 n.
512 3350 594 3403 14.
634 3348 740 3404 ait:
786 3349 1184 3421 „Metaphorice
1221 3350 1508 3419 loquitur.“

415 3430 460 3466 ¹²
498 3430 649 3483 Idem
685 3447 778 3484 ac:
818 3430 1065 3484 conditur
1103 3449 1201 3485 seu
1239 3430 1432 3486 editur.
1509 3431 1618 3486 cfr.
1659 3432 1786 3486 diet.
1828 3431 1979 3486 Grat.
2018 3430 2136 3484 init.
2175 3430 2239 3484 D.
2278 3428 2372 3482 IV.
2412 3430 2468 3481 et
2505 3444 2552 3479 c.
2594 3426 2641 3478 1.
2681 3424 2797 3478 ead.

415 3511 462 3547 ¹³
501 3508 585 3563 Sc.
618 3509 761 3580 juris
797 3511 1061 3578 regulam.

417 3590 465 3625 ¹⁴
503 3588 612 3644 Ofr.
649 3589 685 3644 l.
728 3590 775 3644 l.
813 3590 878 3644 D.
918 3591 984 3645 de
1014 3590 1147 3662 just.
1189 3585 1245 3645 et
1273 3591 1381 3662 jur.
1420 3592 1462 3646 Ι.
1505 3593 1551 3645 1.
1619 3591 1783 3661 (Vide
1818 3591 1962 3645 infra
1998 3591 2226 3661 append.
2266 3607 2383 3659 cap.
2421 3588 2462 3641 I.
2502 3588 2604 3640 art.
2643 3584 2691 3638 3.
2731 3583 2764 3649 ξ
2805 3581 2912 3648 15.)

417 3670 462 3705 15
500 3672 664 3724 Joan.
704 3673 957 3724 Andreae
992 3670 1028 3725 l.
1068 3688 1113 3725 c.
1151 3689 1204 3725 n.
1232 3672 1346 3725 22.:
1393 3671 1693 3737 „Narratio‚
1730 3672 1788 3724 in
1825 3689 1933 3741 qua
1970 3670 2376 3725 commendatur
2412 3668 2514 3721 hoc
2550 3681 2685 3735 opus
2722 3661 2917 3733 princi-

243 3750 461 3823 paliter
498 3753 718 3819 propter
744 3751 865 3805 duo.
928 3750 1111 3805 Primo
1147 3755 1369 3821 propter
1407 3752 1749 3821 dispendium
1772 3751 2120 3821 antiquarum
2148 3748 2610 3804 constitutionum.
2674 3742 2918 3798 Secundo

240 3833 480 3903 propter
516 3829 812 3884 utilitatem
848 3848 1113 3885 novarum
1128 3873 1142 3895 ,
1179 3831 1261 3885 uti
1298 3831 1402 3886 ibi:
1455 3835 1777 3900 adjicientes.
1851 3831 2207 3902 Dispendium
2243 3848 2373 3884 vero
2412 3827 2760 3897 antiquarum
2796 3841 2918 3878 con-

241 3909 495 3966 sistebat
530 3909 702 3979 primo
738 3909 797 3963 in
835 3909 1155 3965 diversitate
1206 3911 1571 3976 voluminum;
1622 3913 1856 3966 secundo
1906 3911 1964 3964 in
2013 3911 2181 3965 nimia
2232 3908 2614 3970 similitudine;
2666 3903 2828 3959 tertio
2863 3902 2922 3955 in

242 3988 676 4054 contrarietate;
715 3993 910 4059 quarto
947 3990 1004 4045 in
1042 3990 1386 4060 prolixitate;
1439 3994 1496 4045 et
1533 4010 1603 4046 ex
1638 3992 1727 4046 his
1761 3994 1990 4061 quatuor
2025 3991 2383 4045 inducebatur
2420 3985 2693 4049 confusio;
2732 3983 2919 4053 quinto

240 4070 305 4124 in
328 4068 724 4123 incertitudine
750 4088 822 4123 ex
847 4069 1183 4135 curialitate;
1210 4071 1393 4125 omisit
1416 4075 1651 4137 sexm,
1691 4073 1757 4126 de
1780 4072 2122 4127 inutiJitate.“
2177 4071 2288 4125 cfr.
2315 4087 2480 4140 supra
2504 4086 2556 4138 p.
2587 4068 2705 4121 127.
2732 4066 2841 4117 not.
2869 4062 2919 4115 2.

423 4151 465 4185 ¹⁶
505 4147 590 4202 Gl.
628 4167 683 4204 v.
722 4154 1145 4204 constitutiones:
1199 4150 1558 4216 „Constitutio
1610 4155 1699 4206 est
1713 4194 1726 4217 ,
1779 4170 1942 4220 quam
1978 4152 2241 4222 Princeps
2290 4150 2427 4205 facit
2475 4146 2688 4219 proprio
2741 4146 2919 4205 motu3

242 4227 555 4284 decretalis
593 4228 823 4299 epistola
861 4232 961 4294 est,
1000 4232 1214 4299 quando
1251 4232 1542 4301 respondet
1579 4233 1648 4286 ad
1687 4232 2186 4287 consultationem.“

422 4309 466 4343 ¹⁶¹
505 4307 616 4362 Sub
653 4309 848 4378 quibus
891 4309 1153 4375 „diversis
1190 4311 1585 4366 voluminibus“
1614 4311 1998 4379 intelligendas
2036 4330 2157 4366 esse
2194 4311 2433 4381 quinque
2466 4308 2744 4380 praefatas
2771 4303 2922 4357 Com-

240 4388 569 4462 pilationes,
606 4393 791 4444 monet
826 4392 989 4444 Joan.
1030 4393 1283 4445 Andreae
1318 4392 1354 4446 1.
1394 4410 1438 4446 c.
1478 4411 1531 4446 v.
1573 4395 1885 4462 Gregorius,
1923 4393 1963 4446 Ι.
1990 4410 2041 4446 11.
2072 4394 2173 4458 16.,
2214 4392 2425 4447 dicens:
2471 4389 2634 4456 „Post
2671 4383 2924 4454 compila-

238 4470 469 4525 tionem
505 4468 722 4524 Decreti
759 4470 961 4524 factam
1000 4488 1033 4524 a
1071 4470 1331 4525 Gratiano
1369 4472 1573 4526 multae
1612 4472 1912 4526 decretales
1951 4472 2212 4542 epistolae
2250 4471 2643 4526 emanaverunt
2678 4485 2712 4521 a
2746 4464 2924 4529 Curia,

242 4551 317 4606 de
361 4548 570 4619 quibus
608 4549 730 4604 Ber.
770 4550 913 4604 circa
951 4550 1103 4621 Papi.
1143 4552 1485 4622 praepositus
1501 4594 1514 4617 ,
1566 4556 1757 4622 postea
1792 4552 2127 4607 Faventinus
2165 4552 2451 4623 episcopus
2466 4593 2480 4617 ,
2524 4548 2658 4604 fecit
2693 4546 2923 4618 primam

242 4628 705 4700 compilationem
720 4672 734 4695 ,
786 4632 1051 4698 quaedam
1089 4630 1314 4701 antiqua
1345 4632 1471 4703 jura
1520 4632 1907 4688 interserendo.
1980 4633 2115 4687 Post
2150 4633 2303 4687 illam
2340 4630 2480 4687 aliae
2519 4627 2819 4685 decretales
2856 4626 2924 4679 ab

242 4711 386 4767 aliis
440 4708 773 4779 Apostolicis
825 4711 916 4780 (=
952 4710 1188 4765 Summis
1238 4711 1621 4777 Pontificibus;
1675 4713 1773 4768 cfr.
1819 4731 1864 4767 c.
1905 4715 1953 4768 9.
1992 4714 2057 4767 D.
2096 4712 2362 4782 LXXIX.)
2418 4711 2808 4772 manaverunt,
2862 4707 2926 4760 de

242 4791 468 4861 quibus
521 4788 820 4845 Gilibertus
878 4790 1012 4846 fecit
1069 4791 1261 4856 aliam;
1321 4796 1446 4862 post
1494 4792 1650 4846 illum
1700 4793 1910 4847 Alanus
1970 4793 2135 4847 aliam
2184 4793 2318 4848 fecit
2333 4835 2347 4858 ,
2403 4794 2470 4847 de
2521 4790 2718 4862 quibus
2770 4789 2806 4843 J
2806 4804 2925 4841 oan.
