3355 5328
1210 375 1215 381 .
1268 330 1444 415 Caput
1479 331 1599 385 VII.
1651 331 1685 398 ἓ
1720 334 1807 386 49.
1847 333 1932 387 50.
2855 337 2920 391 81

950 494 1017 620 ’ξ
1065 531 1170 602 49.
1263 535 1468 645 Valor
1516 536 1781 603 Decreti
1828 538 2215 622 generatim.

447 705 658 782 Quum
702 705 908 788 igitur
951 708 1305 774 Decretum
1349 708 1647 773 Gratiani
1693 710 1906 772 totum
1940 712 2255 790 quantum
2288 731 2404 774 seu
2451 732 2579 792 qua
2625 712 2923 778 collectio

267 823 475 885 usque
522 824 694 868 nunc
739 803 930 882 idem,
981 806 1152 886 quod
1200 805 1644 887 originetenus
1683 804 1827 882 fuit,
1876 806 2182 872 videlicet
2230 829 2390 891 opus
2435 808 2766 891 privatum
2815 810 2921 888 sit,

266 900 566 983 sequitur
611 901 780 980 inde,
831 923 927 980 ea,
979 924 1146 984 quae
1191 904 1259 967 in
1290 904 1431 987 ipso
1464 903 1900 981 continentur,
1949 905 2314 985 generatim
2360 907 2617 971 nonnisi
2662 911 2922 974 tantum

266 1000 495 1064 valere
515 1050 528 1077 ,
588 1003 905 1082 quantum
968 1022 1003 1065 e
1064 1023 1181 1066 suo
1230 1005 1497 1066 auctore
1542 1001 1770 1066 valent
1827 1005 1896 1067 et
1956 1006 2273 1084 quantum
2327 1004 2640 1070 valebant
2659 1055 2672 1082 ,
2737 1010 2926 1072 ante-

268 1118 469 1179 quam
527 1097 595 1161 in
655 1098 867 1181 ipsum
927 1099 1281 1165 Decretum
1346 1100 1596 1164 inserta
1656 1103 1848 1164 erant
1870 1149 1884 1176 ,
1957 1100 2053 1166 uti
2112 1101 2234 1166 hoc
2292 1103 2430 1184 jam
2490 1102 2672 1185 Papa
2728 1105 2925 1169 Bene-

269 1197 479 1261 dictus
524 1195 710 1262 XIV.
741 1195 762 1235 ¹
810 1218 1120 1280 expresse
1168 1197 1553 1263 enuntiavit.

450 1301 769 1368 Attamen
829 1327 998 1369 mmo
1056 1304 1179 1370 hoc
1240 1307 1545 1387 respectu
1603 1324 1765 1387 prae
1831 1305 2033 1369 oculis
2090 1306 2461 1371 habendum
2527 1311 2629 1372 est
2652 1358 2666 1385 ,
2734 1309 2925 1390 quod,

269 1401 817 1482 quemadmodum
862 1402 1053 1485 plura
1099 1403 1317 1480 effata,
1366 1403 1433 1466 in
1463 1403 1748 1467 Decreto
1795 1402 2027 1479 relata,
2079 1424 2245 1485 quae
2292 1405 2737 1485 originetenus
2777 1410 2927 1471 tan-

264 1498 609 1564 tummodo
655 1500 949 1564 valorem
996 1501 1162 1582 legis
1205 1500 1690 1565 ecclesiasticae
1736 1500 2172 1583 particularia
2221 1502 2329 1566 vel
2376 1502 2635 1568 omnino
2681 1505 2929 1569 nullum

266 1597 558 1679 legalem
622 1597 917 1662 valorem
975 1598 1339 1675 habebant,
1407 1619 1601 1663 cursu
1659 1599 1977 1681 temporis
2039 1600 2334 1664 valorem
2393 1601 2559 1683 legis
2624 1603 2930 1667 ecclesia-

269 1694 481 1760 sticae
528 1695 918 1760 universalis
965 1696 1387 1761 obtinuerunt
1409 1693 1453 1774 ²,
1519 1696 1615 1761 ita
1676 1696 1876 1761 etiam
1940 1696 2113 1761 haud
2172 1719 2416 1781 paucas
2478 1700 2929 1779 auctoritateS,

268 1791 340 1855 in
386 1792 671 1856 Decreto
719 1792 997 1870 relatae,
1065 1814 1140 1858 eo
1162 1844 1175 1871 ,
1244 1813 1437 1875 quem
1486 1793 1932 1874 originetenus
1991 1795 2393 1871 habuerunt,
2461 1798 2687 1862 valore
2732 1799 2932 1879 legali

271 1909 423 1954 esse
470 1888 732 1971 penitus
780 1890 1131 1957 destitutas
1180 1912 1296 1955 seu
1343 1892 1701 1972 abrogatas
1726 1887 1770 1957 ³.

454 1996 608 2061 Pari
654 1997 910 2062 ratione
957 1998 1157 2063 etiam
1204 1999 1378 2063 haud
1424 2019 1672 2081 paucae
1722 1999 2119 2064 assertiones
2168 2000 2466 2065 Gratiani
2513 2000 2718 2082 (dicta
2767 2003 2931 2068 Gra-

271 2093 469 2175 tiani)
519 2093 823 2178 deinceps
869 2096 1261 2178 reprobatae
1308 2099 1463 2161 sunt
1486 2093 1532 2162 ⁴.

428 2199 700 2276 Quibus
733 2201 1026 2280 attentiS,
1074 2223 1244 2267 nunc
1290 2202 1547 2268 ratione
1579 2201 1826 2267 valoris
1859 2223 2103 2281 eorum,
2154 2224 2321 2285 quae
2353 2205 2420 2268 in
2450 2206 2733 2271 Decreto
2769 2207 2933 2273 Gra-

268 2298 440 2364 tiani
488 2300 1154 2383 comprehenduntur,
1218 2301 1557 2366 dicendum
1605 2303 1745 2378 est,
1812 2300 1927 2365 illa
1973 2305 2042 2366 in
2089 2324 2153 2366 se
2202 2311 2254 2367 et
2288 2326 2413 2387 per
2458 2326 2554 2386 se,
2606 2309 2931 2386 quatenus

269 2396 584 2461 nimirum
647 2418 841 2462 cursu
885 2398 1201 2482 temporis
1260 2420 1380 2464 nec
1437 2400 1753 2482 majorem
1799 2400 2093 2463 valorem
2154 2404 2487 2480 assecuta,
2550 2423 2670 2468 nec
2733 2404 2932 2469 etiam

274 2515 379 2571 e0,
431 2514 622 2574 quem
672 2495 1118 2576 originetenus
1164 2497 1564 2574 habuerant,
1628 2497 1846 2561 valore
1896 2496 2215 2562 destituta
2261 2502 2433 2576 sunt,
2483 2500 2740 2564 nonnisi
2787 2522 2934 2565 eum

271 2594 572 2658 valorem
617 2593 880 2672 habere,
930 2614 1121 2676 quem
1170 2615 1206 2659 e
1253 2616 1369 2659 suo
1417 2594 1601 2659 fonte
1648 2615 1764 2658 seu
1812 2615 1852 2659 a
1898 2616 2014 2659 suo
2048 2599 2316 2661 auctore
2347 2597 2593 2662 habent
2641 2601 2710 2663 et
2741 2619 2933 2680 quem

270 2693 630 2770 habebant,
681 2696 1033 2774 antequam
1080 2693 1147 2756 in
1194 2687 1569 2758 Decretum*
1600 2692 1900 2759 Gratiani
1944 2694 2161 2762 relata
2208 2699 2415 2761 erant.

394 2899 433 2985 ξ
481 2898 586 2966 50.
677 2901 883 2969 Valor
930 2921 1172 2984 eorum,
1221 2921 1387 2987 quae
1434 2903 1502 2968 in
1548 2902 1831 2970 Decreto
1881 2903 2317 2985 continentur,
2363 2922 2484 2990 per
2532 2905 2815 2990 singula.

462 3070 644 3147 Quod
661 3071 800 3153 jam
826 3072 908 3136 ad
933 3072 1210 3154 singula,
1246 3072 1504 3154 quaein
1527 3073 1810 3138 Dec'reto
1839 3072 2136 3138 Gratiani
2161 3072 2596 3151 continentur,
2629 3076 2936 3158 pertinet,

462 3168 540 3234 A.
606 3171 776 3235 dicta
825 3171 1132 3236 Gratiani
1191 3170 1447 3235 nonnisi
1509 3171 1804 3235 valorem
1872 3170 2192 3234 dictorum
2236 3170 2363 3234 viri
2410 3172 2649 3237 eruditi
2694 3174 2938 3256 privati

275 3286 401 3331 seu
449 3266 875 3332 doctrinalem
922 3268 1216 3333 valorem
1262 3269 1527 3345 habent,
1578 3269 1689 3350 qui
1721 3267 2025 3331 nimirum
2059 3266 2317 3332 omnino
2349 3269 2593 3351 pendet
2624 3271 2706 3334 ab
2740 3292 2937 3353 argu-

273 3363 522 3428 mentis
569 3384 684 3429 seu
730 3364 1112 3443 rationibuS,
1163 3366 1394 3447 quibus
1442 3366 1586 3449 ipsa
1631 3366 2001 3431 innituntur
2021 3364 2066 3430 5.

468 3587 486 3619 ¹
523 3584 603 3637 De
640 3586 827 3654 synod.
869 3586 1033 3639 dioec.
1073 3585 1165 3640 lib.
1205 3586 1322 3639 VII.
1363 3604 1479 3656 cap.
1524 3587 1604 3640 15.
1643 3605 1695 3639 n.
1736 3587 1785 3640 6.
1832 3586 2020 3656 (supra
2057 3605 2109 3657 p.
2149 3585 2281 3653 80.).

466 3665 485 3699 ²
525 3664 634 3719 cfr.
675 3682 839 3735 supra
875 3684 927 3736 p.
970 3666 1053 3721 78.
1093 3683 1174 3734 sq.

464 3745 486 3780 ⁸
520 3745 643 3799 Huc
678 3745 916 3815 pertinet
950 3765 1003 3800 v.
1043 3763 1096 3813 g.
1135 3746 1463 3810 auctoritas,
1514 3746 1570 3799 in
1608 3764 1654 3800 c.
1699 3747 1779 3799 19.
1819 3745 1883 3799 D.
1923 3746 1991 3798 II.
2032 3745 2097 3799 de
2137 3763 2281 3799 cons.
2334 3746 2539 3809 relata,
2592 3763 2731 3814 quae
2767 3746 2938 3799 fideli-

278 3826 387 3879 bus
411 3825 689 3896 praecipit,
716 3829 779 3879 ut
803 3826 998 3880 saltem
1022 3829 1107 3880 ter
1131 3826 1188 3879 in
1213 3844 1352 3880 anno
1378 3827 1447 3880 ad
1472 3843 1686 3880 sacram
1712 3825 2151 3880 communionem
2176 3826 2469 3890 accedant3
2509 3843 2648 3894 quae
2675 3829 2760 3879 est
2785 3826 2936 3880 abro-

280 3906 419 3973 gata
455 3923 551 3975 per
577 3904 802 3959 Concilii
840 3905 1111 3973 generalis
1143 3905 1527 3960 Lateranensis
1552 3906 1644 3960 IV.
1686 3923 1733 3959 a.
1765 3906 1903 3959 1215
1943 3922 2057 3958 can.
2097 3905 2182 3958 21.
2228 3904 2368 3975 (cap.
2408 3905 2489 3958 12.
2529 3905 2595 3959 Χ.
2637 3906 2701 3959 de
2738 3906 2937 3976 poenit.

280 3988 345 4039 et
380 3984 589 4038 remiss
628 3985 694 4039 V.
734 3984 866 4053 38.).
921 3986 1061 4039 Item
1099 3986 1424 4050 auctoritas,
1472 3986 1528 4039 in
1566 4004 1611 4040 c.
1652 3986 1703 4040 2.
1742 3985 1775 4052 ξ
1813 3986 1862 4040 8.
1905 3985 1962 4039 C.
2000 3984 2223 4038 XXXV.
2265 4002 2353 4053 qu.
2394 3985 2442 4038 5.
2483 3985 2746 4049 adducta,
2799 4004 2940 4055 quae

279 4064 614 4118 matrimonii
650 4065 1109 4135 impedimentum,
1148 4084 1177 4119 e
1215 4065 1686 4133 consanguinitate
1725 4068 1781 4119 et
1818 4065 2085 4119 affinitate
2121 4065 2461 4135 provenienS,
2499 4082 2673 4134 usque
2711 4067 2780 4119 ad
2817 4084 2939 4133 gra·

281 4145 416 4199 dum
451 4150 728 4213 septimum
764 4145 889 4199 incl.
930 4146 1203 4200 extendit:
1251 4163 1391 4215 quae
1429 4145 1726 4199 auctoritas
1764 4149 1849 4199 est
1884 4147 2095 4198 mutata
2132 4163 2229 4215 per
2267 4144 2491 4198 Concilii
2529 4146 2801 4212 generalis
2838 4146 2938 4199 La-

280 4225 592 4279 teranensis
629 4226 722 4280 IV.
776 4243 892 4279 can.
932 4227 1018 4280 50.
1064 4225 1204 4296 (cap.
1245 4226 1294 4281 8.
1333 4226 1400 4279 X.
1454 4227 1519 4279 de
1558 4242 1851 4292 consangU.
1892 4227 1948 4278 et
1984 4225 2129 4279 affin.
2169 4224 2261 4278 IV.
2304 4223 2433 4291 14.),
2472 4224 2565 4293 qui
2604 4225 2806 4278 dictum
2842 4225 2938 4278 im-

280 4305 655 4377 pedimentum
690 4306 1019 4360 matrimonii
1057 4306 1126 4360 ad
1163 4306 1394 4373 gradum
1431 4314 1687 4374 quartum
1723 4305 2023 4359 restrinxit.

464 4398 490 4432 ⁴
528 4397 637 4451 cfr.
677 4396 803 4450 dict.
844 4395 995 4451 Grat.
1033 4399 1158 4465 post
1207 4413 1251 4449 c.
1292 4395 1378 4449 89.
1418 4395 1481 4448 D.
1520 4395 1561 4448 Ι.
1602 4395 1667 4448 de
1706 4394 1902 4463 poenit.
1921 4436 1935 4458 ‚
1993 4392 2192 4447 Concil.
2246 4392 2515 4460 generalis
2553 4393 2803 4447 Lateran.
2844 4394 2938 4448 IV.

282 4496 406 4533 can.
434 4478 520 4531 21.
565 4477 704 4547 (cap.
747 4477 829 4530 12.
868 4476 934 4529 Χ.
976 4477 1041 4529 de
1078 4475 1275 4546 poenit.
1316 4477 1372 4529 et
1407 4475 1617 4528 remiss.
1644 4475 1711 4528 V.
1753 4473 1861 4541 38.)
1906 4477 2071 4543 atque
2110 4472 2309 4527 Concil.
2350 4472 2589 4527 Trident.
2629 4491 2763 4527 sesa.
2792 4473 2937 4528 XIV.

282 4559 354 4612 de
391 4556 738 4629 poenitentia,
777 4573 891 4626 cap.
934 4557 982 4609 5.
1023 4558 1079 4609 et
1112 4573 1265 4609 cann.
1306 4555 1509 4619 6.-8.;
1547 4545 1705 4624 porro
1742 4556 1911 4607 notat.
1954 4553 2099 4607 Gorr.
2135 4553 2342 4606 Romm.
2383 4554 2452 4606 ad
2490 4553 2581 4606 cit.
2621 4553 2766 4612 dict„
2788 4552 2938 4608 Grat.

281 4657 339 4692 v.
382 4640 592 4691 lectoris
615 4639 845 4704 judicio.

470 4728 492 4763 ὅ
527 4727 900 4795 Reiffenstuel‚
952 4725 1054 4780 Jus
1091 4742 1277 4779 canon.
1316 4724 1482 4789 univ„
1520 4724 1762 4777 Prooem.
1810 4741 1861 4776 n.
1891 4722 2167 4786 79.-82.;
2220 4723 2447 4791 Schulte,
2485 4722 2586 4776 Die
2624 4722 2798 4777 Lehre
2836 4742 2943 4778 von

282 4809 394 4863 den
431 4806 675 4872 Quellen,
712 4824 763 4876 p.
802 4807 924 4861 332.

392 4904 639 4950 Laui-in,
673 4904 852 4953 Corpus
873 4905 967 4953 jur.
995 4913 1094 4944 can.
2492 4891 2527 4945 6
