3355 5328
393 315 499 371 202
1191 317 1329 371 Pars
1365 318 1432 372 H.
1487 317 1846 372 Collectiones
1884 317 2252 373 decretalium.

573 474 753 551 Quae
812 479 1037 543 tamen
1085 496 1171 542 ex
1213 476 1316 542 his
1376 476 1951 543 constitutionibus
2010 475 2257 566 fuerint
2302 476 2370 541 in
2416 476 2700 542 Concilio
2761 476 3051 558 generali

393 571 750 638 Viennensi
796 574 1013 640 editae
1061 578 1130 640 et
1176 596 1344 657 quae
1388 579 1586 641 extra
1641 575 1803 640 illud
1847 575 2203 640 Concilium
2221 624 2235 653 ,
2299 575 2439 639 sive
2500 579 2655 640 ante
2715 575 2856 640 sive
2901 578 3052 658 post

393 668 640 753 ipsum,
699 672 1010 751 emissae,
1075 679 1256 739 certo
1305 672 1558 738 definiri
1603 673 1863 755 nequit,
1928 694 2124 755 quum
2172 674 2239 738 in
2287 673 2613 738 codicibus
2659 695 2812 739 mss,
2861 674 3051 756 hujus

395 768 796 834 collectionis
841 770 1209 855 inscriptio:
1258 774 1329 836 in
1369 774 1657 856 yenerali
1704 774 1960 837 coneilio
1992 773 2334 837 Viennensi
2366 773 2450 837 ad
2497 771 2717 882 capita
2763 771 3053 855 ejusdem

394 866 795 934 collectionis
827 889 1025 952 saepe
1063 869 1604 936 irrationabiliter
1648 869 1790 935 sive
1836 869 2158 953 apposita,
2205 869 2347 935 sive
2394 870 2637 935 omissa
2682 869 2789 947 sit,
2838 872 2905 935 et
2935 889 3054 979 po-

393 964 708 1030 steriores
769 967 1034 1049 synodi,
1102 988 1270 1048 quae
1329 967 1837 1034 constitutiones
1895 969 2088 1050 hujus
2148 968 2551 1035 collectionis
2609 972 2928 1049 tanquam
2985 967 3055 1031 in

393 1063 689 1143 generali
736 1064 1019 1130 Concilio
1051 1065 1408 1131 Viennensi
1455 1065 1671 1131 editas
1714 1066 2074 1147 allegant¹,
2123 1065 2507 1149 simpliciter
2551 1067 2747 1131 fidem
2791 1065 3056 1149 praefa-

393 1164 613 1226 torum
661 1162 955 1228 codicum
999 1184 1154 1229 mss,
1205 1168 1471 1229 secutae
1518 1163 1785 1230 fuerint.
1868 1164 2057 1243 Sane,
2107 1165 2460 1249 Friedbery
2488 1163 2511 1202 ²
2567 1165 2742 1229 haud
2789 1162 3054 1232 irratio-

395 1258 704 1325 nabiliter
747 1263 973 1344 putat,
1036 1282 1117 1326 ea
1164 1261 1409 1345 capita,
1457 1261 1526 1326 in
1573 1261 1805 1343 quibus
1850 1262 2034 1345 Papa
2083 1264 2363 1328 Clemens
2409 1264 2479 1328 V.
2530 1262 2768 1327 dicitur
2814 1261 3057 1327 consti-

395 1361 584 1423 tuere
634 1361 1025 1444 approbante
1073 1361 1379 1444 ConciliO,
1443 1360 1803 1448 cujusmodi
1850 1365 2003 1450 sunt
2058 1382 2243 1445 capp.
2297 1363 2377 1426 19
2406 1363 2452 1440 ³,
2515 1361 2851 1427 continere
2901 1381 3059 1425 con-

395 1455 794 1536 stitutioneS,
842 1457 910 1521 in
957 1457 1131 1522 dicto
1165 1451 1447 1528 Concilio
1478 1455 1777 1540 generali
1816 1457 2175 1524 Viennensi
2208 1459 2524 1536 conditaS‚
2574 1480 2653 1525 ea
2700 1462 2940 1536 autem,
2989 1458 3060 1523 in

396 1553 629 1635 quibus
677 1555 849 1619 idem
895 1555 1079 1639 Papa
1139 1555 1376 1621 dicitur
1435 1580 1576 1621 eum
1631 1558 1920 1640 fratrum
1945 1558 1972 1595 ⁴
2034 1559 2290 1622 consilio
2349 1561 2680 1635 statuere,
2749 1556 3060 1622 exhibere

397 1652 538 1735 ejus
584 1653 1108 1731 constitutiones,
1159 1657 1352 1719 extra
1394 1653 1557 1719 illud
1592 1652 1959 1719 'Concilium
1988 1653 2219 1721 editas
2246 1655 2290 1721 ⁵.

656 1851 694 1938 ἓ
741 1849 871 1919 133.
964 1853 1297 1921 Rubricae
1342 1853 1687 1920 titulorum
1736 1856 1803 1921 et
1850 1856 2073 1942 capita
2117 1855 2314 1943 hujus
2364 1854 2790 1923 collectionis

573 2016 900 2081 Rubricae
944 2017 1287 2082 titulorum
1331 2016 1524 2100 hujus
1572 2017 1974 2083 collectionis
2022 2037 2247 2081 omnes
2295 2037 2331 2081 e
2377 2015 2702 2100 prioribus
2760 2015 3063 2081 decreta-

394 2112 553 2275 }ium
601 2114 1088 2180 collectionibus
1133 2114 1412 2180 haustae
1460 2118 1529 2180 et
1576 2114 1806 2180 eodem
1854 2115 2054 2181 etiam
2074 2165 2088 2193 ,
2151 2136 2229 2180 ac
2288 2115 2356 2179 in
2414 2114 2544 2178 illis
2564 2164 2578 2192 ,
2643 2114 2870 2179 ordine
2927 2114 3061 2178 col-

421 2215 653 2278 ocatae
700 2217 871 2278 sunt.

578 2310 809 2393 Capita
854 2311 1408 2397 inscriptionibus,
1469 2310 1646 2375 haud
1692 2301 1844 2375 raro
1892 2314 2116 2376 tamen
2177 2310 2414 2394 spuriis
2433 2361 2447 2389 ,
2510 2311 2836 2376 instructa
2882 2313 3059 2375 sunt.

398 2411 784 2485 omissiones
807 2409 895 2489 (et
917 2408 1132 2491 infra)
1158 2413 1381 2474 autem
1404 2408 1473 2472 in
1497 2412 1816 2474 contextu
1840 2430 1957 2473 suo
1984 2409 2214 2474 eadem
2239 2410 2457 2492 capita
2481 2409 2695 2474 nullas
2724 2408 3059 2474 exhibent.

1300 2648 1623 2738 CAPUT
1680 2648 2155 2738 TERTIUM.
2252 2650 2258 2655 ’

990 2816 1479 2905 Character
1532 2830 1801 2926 hujus
1858 2829 2463 2903 collectionis,

1208 3033 1246 3120 ἓ
1293 3031 1431 3102 134.
1526 3034 1997 3102 Consideratae
2043 3036 2111 3101 in
2160 3055 2251 3102 se.

579 3195 888 3262 Collectio
934 3196 1098 3262 haec
1146 3200 1267 3273 est,
1313 3196 1412 3262 uti
1460 3217 1545 3261 ex
1590 3196 1771 3261 bulla
1817 3195 2276 3280 publicationis
2309 3196 2482 3278 ejus:
2534 3196 2848 3276 Quoniam
2880 3199 3058 3262 nulla

396 3295 614 3361 elucet
638 3293 683 3374 ⁶,
734 3295 1032 3361 collectio
1072 3294 1612 3360 constitutionum
1659 3295 2140 3378 pontificiarum
2187 3294 2447 3378 publica
2494 3315 2609 3359 seu
2657 3294 3059 3373 authentica,

399 3397 468 3459 et
513 3393 682 3472 hinc,
734 3414 900 3475 quae
936 3393 1027 3458 ibi
1061 3393 1441 3459 referuntur
1473 3393 1977 3459 constitutiones
2007 3391 2400 3476 pontificiae,
2451 3412 2528 3457 eo
2574 3392 2717 3475 ipso
2764 3392 3060 3457 valorem

397 3493 681 3574 legalem
741 3513 859 3575 pro
919 3492 1218 3557 Ecclesia
1277 3491 1585 3557 universa
1646 3490 1977 3569 obtinent,
2042 3490 2199 3557 licet
2260 3489 2705 3572 originetenus
2764 3491 3061 3556 valorem

398 3590 768 3675 hujusmodi
814 3611 945 3655 non
993 3590 1361 3656 habuerint.

580 3767 600 3801 ²
640 3764 749 3818 cfr.
771 3766 971 3833 Hefele,
996 3763 1609 3831 Conciliengeschichte,
1636 3763 1803 3818 ed.II.
1830 3762 2079 3831 Friburg.
2096 3762 2274 3831 Brisg.
2295 3763 2432 3818 1873
2449 3781 2586 3833 sqq„
2606 3766 2735 3818 tom.
2753 3764 2845 3818 VI.
2867 3783 2918 3834 p.
2935 3763 3059 3818 475.

580 3847 602 3881 ²
637 3846 702 3898 In
740 3844 895 3914 Corp.
928 3845 1034 3914 jur.
1075 3862 1191 3898 0311.
1230 3847 1370 3915 part.
1409 3844 1478 3898 H.
1517 3844 1761 3913 prolegg.
1802 3844 1900 3898 001.
1940 3843 2132 3898 LXIII.

580 3924 602 3960 ⁸
639 3924 788 3989 Quae
825 3927 955 3978 sunt
990 3923 1321 3993 sequentiaz·
1343 3942 1387 3977 0.
1418 3926 1465 3978 1.
1506 3925 1571 3978 de
1610 3924 1832 3978 Summa
1869 3924 2062 3979 Trinit.
2103 3927 2159 3978 et
2193 3923 2298 3978 fide
2338 3924 2479 3977 cath.
2507 3924 2547 3977 Ι.
2586 3924 2659 3988 1.;
2699 3943 2743 3978 0.
2783 3926 2833 3979 2.
2875 3925 2940 3979 de
2977 3942 3060 3979 se·

399 4005 535 4076 pult.
573 4005 670 4058 ΠΙ.
710 4007 788 4069 ’7.;
842 4023 887 4059 0.
926 4006 976 4060 2.
1017 4006 1082 4058 110
1120 4008 1250 4059 stat.
1288 4004 1534 4058 monach.
1572 4000 1668 4059 III.
1712 4006 1825 4069 10.;
1879 4023 2031 4075 capp.
2074 4005 2121 4058 1.
2161 4005 2210 4058 2.
2251 4005 2317 4058 de
2353 4003 2589 4071 regular.
2628 4005 2722 4058 III.
2767 4006 2883 4069 11.;
2923 4023 2968 4059 c.
3014 4006 3061 4059 1.

399 4086 467 4140 de
498 4085 625 4157 -jure
659 4089 868 4155 patron.
895 4085 990 4138 III.
1032 4085 1146 4150 12.;
1185 4103 1231 4139 0.
1259 4086 1311 4140 2.
1337 4086 1403 4139 de
1442 4085 1709 4139 censlII.
1740 4085 1852 4149 13.;
1892 4102 2046 4155 capp.
2076 4085 2123 4138 1.
2151 4084 2200 4138 2.
2242 4085 2307 4138 110
2346 4085 2599 4138 celebrat.
2637 4084 2792 4138 Miss.
2819 4085 2914 4138 ΙΙΙ.
2946 4086 3028 4139 14.
3046 4102 3068 4149 ;·

402 4184 433 4221 0
473 4167 520 4220 1.
562 4166 627 4220 de
664 4165 914 4233 magistr.
951 4166 1018 4220 V.
1063 4166 1138 4229 1.;
1180 4183 1224 4219 c.
1268 4166 1421 4220 1.·110
1461 4166 1586 4219 Jud.
1625 4165 1694 4220 V.
1734 4166 1815 4230 2.;
1856 4183 2008 4235 capp.
2048 4167 2097 4219 2.
2140 4165 2187 4219 3.
2229 4166 2294 4219 de
2331 4164 2538 4218 haeret.
2579 4164 2645 4218 V.
2686 4165 2765 4229 3.;
2812 4183 2856 4218 c.
2900 4164 2947 4219 1.
2991 4165 3060 4219 de

396 4264 546 4301 usur.
585 4246 653 4301 V.
691 4247 772 4311 5.;
810 4263 858 4300 c.
897 4247 946 4300 2.
989 4246 1079 4299 110
1092 4245 1343 4316 privileg.
1387 4246 1447 4300 V.
1489 4248 1572 4302 7.:
1611 4262 1767 4316 capp.
1811 4246 1856 4299 1.
1896 4247 1945 4300 2.
1986 4246 2052 4299 de
2088 4263 2241 4315 poen.
2271 4245 2336 4299 V.
2364 4246 2450 4309 8.;
2490 4262 2534 4298 c.
2574 4245 2624 4298 2.
2665 4245 2730 4298 de
2766 4244 2965 4315 poenit.
3005 4248 3063 4299 et

396 4327 608 4382 remiss.
646 4326 714 4381 V.
752 4328 833 4391 9.;
873 4344 919 4380 0.
960 4327 1010 4380 2.
1049 4326 1117 4380 de
1153 4331 1291 4380 sent.
1332 4343 1594 4380 excomm.
1633 4326 1701 4380 V.
1743 4327 1826 4381 10.

577 4408 602 4444 4
637 4407 678 4462 I.
719 4426 763 4462 e.
796 4409 1189 4461 cardinalium.
1266 4407 1346 4460 De
1398 4407 1761 4477 appellatione
1799 4405 2183 4470 cardinalium,
2236 4424 2265 4459 e
2303 4408 2459 4476 parte
2497 4405 2839 4459 Summorum
2876 4405 3059 4460 Ponti·

396 4489 562 4543 ficum
612 4488 895 4545 observari
929 4487 1116 4550 solita,
1169 4488 1287 4541 cfr.·
1320 4487 1393 4554 gl.
1433 4488 1503 4542 ad
1541 4504 1658 4557 cap.
1695 4488 1749 4540 ·1.
1804 4488 1870 4540 de
1907 4487 1994 4540 off.
2050 4486 2216 4553 legat.
2267 4486 2326 4540 in
2363 4486 2513 4541 Sext.
2552 4486 2593 4540 I.
2636 4486 2719 4540 15.
2769 4505 2825 4540 v.
2861 4489 3061 4554 fratri-

400 4569 497 4622 bus
532 4573 748 4623 nostris.

584 4652 605 4686 ⁵
644 4648 754 4703 Cfr.
797 4650 1025 4717 Schulte,
1063 4647 1165 4703 Die
1203 4646 1531 4702 Geschichte
1569 4648 1663 4701 der
1702 4646 1946 4713 Quellen,
1984 4650 2114 4701 tom.
2153 4648 2221 4701 II.
2262 4665 2313 4717 q.
2351 4649 2440 4702 47.

580 4732 603 4768 ὃ
638 4729 747 4784 Ubi
782 4729 936 4799 Papa
974 4732 1214 4782 Joannes
1249 4729 1438 4781 XXII.
1476 4726 1581 4781 1100
1617 4730 1871 4797 respectu
1905 4727 2121 4792 statuit,
2159 4731 2224 4782 ut
2260 4728 2537 4797 sequitur:
2597 4729 2758 4794 „Illas
2800 4727 2899 4796 (sc.
2938 4746 3059 4782 con-

400 4810 715 4865 stitutiones
751 4810 935 4880 Papae
974 4808 1269 4862 Clementis
1306 4807 1396 4875 V.)
1452 4806 1610 4862 vobis
1660 4809 1762 4862 sub
1795 4807 1949 4862 bulla
1980 4811 2173 4862 nostra
2208 4809 2632 4864 transmittimus
2647 4852 2661 4874 ,
2712 4808 3060 4863 universitati
