3355 5328
403 339 473 392 82
1308 340 1444 394 Pars
1483 341 1521 394 Ι.
1574 341 1866 396 Decretum
1904 339 2167 411 Gratiani.

580 499 655 565 B.
707 498 1014 581 Singulae
1063 501 1482 583 auctoritatae,
1534 520 1574 565 a
1607 500 1925 566 Gratiano
1971 500 2040 565 in
2079 500 2435 566 Decretum
2481 499 2751 579 relatae,
2800 501 3064 566 nonnisi

401 597 583 662 illum
630 596 922 662 valorem
968 597 1232 673 habent,
1283 596 1392 678 qui
1440 596 1534 662 eis
1582 618 1667 662 ex
1713 598 2004 681 ipsarum
2047 598 2222 681 fonte
2262 598 2595 681 competit,
2643 598 2894 665 scilicet
2940 620 3063 665 va-

400 696 606 761 lorem
653 694 1135 761 ecclesiasticae
1181 693 1347 775 legis
1394 694 1783 761 universalis
1814 695 1922 760 vel
1954 696 2393 779 particularis,
2442 699 2561 762 aut
2605 697 2867 763 omnino
2912 698 3061 762 nul-

400 794 534 859 lum
580 793 860 874 legalem
905 793 1198 858 valorem
1223 842 1238 870 ,
1300 792 1529 875 prouti·
1580 814 1814 877 nempe
1861 815 1902 859 a
1949 793 2212 859 Summo
2258 793 2573 860 Pontifice
2618 795 2727 860 vel
2772 794 3061 861 Concilio

399 891 709 975 generali,
759 890 898 956 sive
931 913 1050 974 pro
1081 890 1378 955 Ecclesia
1410 891 1720 957 universa
1751 891 1892 957 sive
1923 892 2378 957 tantummodo
2412 913 2530 975 pro
2578 892 2797 974 aliqua
2827 893 3062 959 Eccle-

399 991 536 1055 siae
595 993 812 1073 parte,
875 989 983 1054 vel
1030 988 1431 1054 solummodo
1479 990 1561 1054 ab
1623 989 1841 1071 aliquo
1888 988 2171 1055 Concilio
2230 989 2614 1073 particulari
2671 990 2779 1056 vel
2839 990 3061 1073 aliquo

400 1088 703 1172 episcopo
764 1086 1079 1169 singulari
1143 1106 1262 1169 pro
1322 1086 1658 1153 territorio
1724 1087 2169 1153 ecclesiastico
2234 1087 2296 1153 ei
2365 1087 2732 1171 respective
2795 1088 3060 1154 subdito

398 1186 676 1250 emissae
723 1184 990 1251 fuerunt
1014 1183 1057 1262 ¹,
1106 1187 1221 1250 aut
1266 1205 1425 1249 vero
1470 1186 1552 1249 ab
1600 1185 1727 1267 aliq
1736 1205 1818 1250 uo
1865 1184 2027 1262 vir0,
2076 1185 2256 1251 nulla
2301 1189 2635 1269 potestate
2680 1186 3061 1268 legislativa

398 1284 465 1347 in
511 1283 809 1348 Ecclesia
854 1281 1125 1360 munit0,
1173 1286 1637 1366 provenerunt.

577 1381 721 1445 Hac
768 1379 1024 1446 ratione
1069 1379 1136 1445 in
1183 1379 1398 1463 specie

577 1479 626 1544 Ι.
689 1500 958 1543 canones
1007 1479 1427 1544 Conciliorum
1473 1477 1879 1560 generalium
1924 1479 2218 1544 valorem
2266 1478 2704 1544 universalem
2750 1479 2858 1544 vel
2904 1500 3059 1563 par-

397 1576 741 1642 ticularem
786 1576 1033 1642 habent
1050 1626 1064 1654 ,
1129 1596 1249 1661 pro
1297 1597 1375 1641 eo
1423 1596 1500 1640 ac
1546 1598 1664 1659 pro
1712 1576 2010 1642 Ecclesia
2069 1576 2379 1642 universa
2438 1576 2546 1642 vel
2598 1578 3057 1643 tantummodo

395 1696 513 1758 pro
561 1674 780 1757 aliqua
826 1674 1124 1740 Ecclesia
1170 1674 1554 1758 particulari
1602 1674 1761 1741 editi
1809 1674 2077 1740 fuerunt
2099 1671 2141 1740 ².

577 1773 659 1839 II.
708 1773 890 1838 Idem
937 1772 1197 1838 omnino
1246 1772 1587 1838 dicendum
1635 1775 1738 1838 est
1786 1773 1865 1838 de
1913 1772 2456 1838 constitutionibus
2511 1793 2589 1837 ac
2639 1774 3058 1839 decretalibus

400 1870 812 1935 Summorum
858 1869 1314 1936 Pontificum.
1270 1869 1296 1909 ³
2977 1891 2983 1897 ·

526 1968 691 2034 ·.III
752 1968 1040 2034 Decreta
1099 1968 1498 2052 synodorum
1557 1967 2052 2050 particularium
2111 1968 2220 2033 vel
2266 1968 2717 2051 episcoporum
2764 1968 3058 2050 singula-

397 2066 585 2144 rium,
636 2066 732 2132 uti
778 2086 897 2150 per
942 2087 1014 2131 se
1059 2069 1265 2150 patet,
1314 2085 1433 2175 pro
1482 2085 1561 2129 ea
1607 2065 2062 2131 tantummodo
2104 2065 2441 2131 Ecclesiae
2486 2069 2697 2149 parte,
2748 2087 2917 2148 quae
2962 2066 3060 2130 illi

397 2164 648 2247 synodo
708 2164 816 2229 vel
876 2163 1191 2247 singulari
1252 2163 1555 2247 episcopo
1617 2162 1880 2230 subdita
1940 2166 2085 2229 erat
2146 2166 2215 2229 et
2274 2185 2393 2247 pro
2454 2184 2583 2245 qua
2628 2163 2743 2229 illa
2791 2164 3060 2231 decreta

397 2262 661 2328 condita
706 2262 990 2341 fuerunt,
1040 2261 1175 2326 vim
1220 2260 1386 2344 legis
1432 2261 1675 2326 habere
1724 2261 1998 2326 dicenda
2044 2257 2217 2327 sunt.

574 2360 686 2425 IV.
738 2359 915 2436 Quae
963 2364 1184 2426 autem
1230 2359 1299 2424 in
1343 2359 1626 2425 Decreto
1676 2358 1975 2425 Gratiani
2022 2360 2433 2425 adducuntur
2492 2360 2693 2425 effata
2739 2359 3056 2437 virorum,

397 2457 506 2540 qui
553 2457 732 2523 nulla
779 2457 1223 2523 ecclesiastica
1266 2460 1602 2542 potestate
1649 2455 2025 2539 legislativa
2065 2457 2461 2540 gaudebant,
2508 2457 2671 2522 haec
2717 2477 2837 2541 per
2884 2478 2955 2523 se
2987 2457 3058 2522 in

396 2555 539 2620 1010
587 2555 922 2621 Ecclesiae
968 2556 1216 2621 nullum
1262 2555 1554 2621 valorem
1601 2555 1883 2637 legalem
1929 2556 2173 2621 habere
2221 2555 2659 2622 existimanda
2706 2559 2877 2622 sunt.
2965 2556 3059 2621 Et

393 2652 545 2718 hinc
590 2652 658 2719 in
705 2653 921 2738 specie

580 2755 635 2817 1.
700 2754 901 2818 effata
947 2756 1175 2838 spuria
1192 2806 1210 2837 ,
1261 2774 1429 2835 quae
1476 2753 1542 2817 in
1587 2753 1873 2818 Decreto
1922 2752 2221 2818 Gratiani
2269 2752 2697 2830 adducuntur,
2747 2757 2815 2819 et
2859 2773 3058 2837 prae-

395 2849 624 2914 sertim
672 2850 1035 2917 decretales
1080 2852 1774 2917 Pseudo-Isidorianae
1788 2902 1806 2934 ,
1854 2871 1973 2934 per
2019 2871 2091 2915 se
2137 2850 2384 2915 nullum
2431 2850 2724 2916 valorem
2770 2851 3057 2933 legalem

397 2947 660 3026 habent,
710 2948 866 3014 licet
911 2948 1040 3014 illis
1085 2949 1261 3015 haud
1308 2970 1460 3014 raro
1506 2948 1782 3031 insignis
1828 2948 2017 3013 valor
2064 2947 2442 3014 doctrinalis
2488 2947 2646 3014 insit
2664 2948 2709 3014 ⁴.

578 3049 636 3111 2.
698 3046 879 3112 Idem
927 3047 1268 3114 dicendum
1315 3051 1418 3113 est
1464 3047 1664 3113 etiam
1715 3047 1794 3112 de
1842 3046 2057 3112 effatis
2116 3045 2377 3111 illorum
2425 3048 2819 3132 Scriptorum
2869 3050 3051 3112 eccle-

396 3146 796 3209 siasticorum
809 3197 829 3229 ,
879 3145 987 3227 qui
1035 3146 1215 3211 nulla
1254 3144 1709 3230 jurisdictione
1757 3144 2204 3210 ecclesiastica
2248 3143 2552 3211 instructi
2598 3147 2821 3220 erant;
2891 3165 3056 3226 quo-

396 3263 541 3306 rum
588 3243 806 3320 effata,
854 3242 1010 3309 licet
1055 3244 1229 3309 forte
1276 3265 1394 3327 pro
1440 3243 1632 3308 modo
1682 3242 2063 3308 eruditionis
2112 3247 2181 3308 et
2225 3242 2494 3327 pietatis
2541 3261 2764 3306 eorum
2781 3241 2806 3280 ⁵
2866 3242 3056 3308 valo-

395 3360 534 3404 rem
582 3340 1008 3407 doctrinalem
1055 3342 1377 3419 habeant,
1442 3340 1511 3405 in
1567 3361 1638 3406 se
1687 3344 1756 3405 et
1800 3361 1919 3424 per
1964 3361 2036 3406 se
2082 3341 2215 3405 ullo
2276 3339 2472 3421 legali
2518 3338 2744 3403 valore
2790 3337 2858 3404 in
2905 3339 3055 3406 1010

394 3437 728 3504 Ecclesiae
774 3460 905 3504 non
950 3441 1241 3522 gaudent
1263 3438 1306 3505 ⁶.

575 3539 633 3601 3.
684 3536 889 3602 Immo
936 3538 1045 3603 vel
1075 3538 1219 3622 ipsa
1251 3538 1366 3603 SS.
1402 3538 1674 3602 Patrum
1708 3536 1927 3612 effata,
1975 3535 2042 3599 in
2075 3538 2390 3617 quantum
2424 3534 2506 3599 ad
2539 3533 3054 3601 ecclesiasticam

396 3632 799 3716 disciplinam
832 3639 1137 3719 spectant
1160 3633 1202 3713 ⁷,
1237 3636 1303 3699 in
1335 3655 1406 3700 se
1439 3636 1508 3699 et
1538 3654 1657 3717 per
1689 3654 1780 3710 se,
1814 3632 1938 3697 nisi
1972 3652 2197 3698 eorum
2230 3636 2531 3698 auctores
2561 3635 2881 3714 tanquam
2913 3634 3052 3717 epi-

393 3730 573 3814 scopi
619 3731 726 3797 vel
774 3732 1020 3798 Summi
1060 3732 1407 3800 Pontifices
1455 3731 1901 3797 ecclesiastica
1946 3734 2279 3815 potestate
2325 3730 2700 3813 legislativa
2744 3729 3054 3798 instructi

406 3873 581 3880 —oem

578 3941 592 3974 ¹
633 3940 1004 4013 Reiffenstuel,
1045 3943 1146 3997 Jus
1185 3960 1371 3997 canon.
1411 3942 1576 4005 univ„
1615 3941 1860 3995 Prooem.
1900 3960 1949 4008 n.
1991 3942 2103 4004 75.;
2147 3943 2390 4010 Formiae,
2432 3940 2533 3994 Jus
2572 3940 2890 3995 canonicum
2928 3945 3050 4006 etc„

393 4026 519 4077 tom.
561 4026 601 4078 I.
639 4041 693 4097 p.
737 4025 853 4079 118.
892 4041 1042 4093 sqq.;
1082 4042 1132 4093 p.
1176 4023 1293 4077 158.
1333 4039 1482 4091 sqq.;
1522 4040 1572 4091 p.
1616 4022 1735 4075 179.
1774 4038 1892 4090 sqq.

574 4110 594 4143 ²
634 4110 861 4162 Ponsius
895 4105 931 4158 l.
972 4123 1017 4158 0.
1056 4107 1183 4158 tom.
1223 4104 1264 4156 I.
1304 4121 1354 4172 p.
1398 4102 1515 4156 118.
1555 4118 1675 4170 sqq.

579 4190 599 4224 ³
636 4188 777 4243 Dict.
819 4185 972 4239 Grat.
1024 4184 1142 4238 init.
1196 4184 1260 4237 D.
1300 4182 1445 4236 XIX.
1501 4185 1556 4235 et
1607 4200 1652 4234 c.
1697 4182 1742 4233 1.
1783 4197 1901 4249 sqq.
1953 4181 2098 4244 ead.;
2150 4198 2229 4250 pr.
2282 4180 2423 4233 Dict.
2464 4180 2615 4234 Grat.
2669 4179 2785 4233 init.
2825 4180 2891 4233 D.
2930 4180 3049 4233 XX.

396 4270 622 4322 Poneius
656 4269 692 4322 1.
733 4286 778 4321 0.
818 4285 868 4336 p.
911 4266 1028 4320 181.
1067 4281 1186 4333 sqq.

570 4351 594 4384 4
632 4349 740 4403 Cfr.
794 4366 846 4401 v.
901 4363 952 4412 g.
1007 4343 1333 4399 decretalem
1370 4341 1962 4395 Pseudo-Isidorianam
1980 4382 1993 4404 ,
2046 4340 2145 4393 sub
2196 4339 2544 4410 inscriptione
2580 4339 2763 4409 Papae
2802 4342 3052 4393 Anacleti

398 4429 626 4496 (79—91
646 4428 699 4497 ‘?)
741 4428 797 4481 in
837 4444 953 4481 can.
981 4425 1029 4477 2.
1069 4424 1133 4477 D.
1159 4422 1332 4476 XXII.
1370 4422 1617 4486 relatam,
1657 4424 1713 4474 et
1750 4420 2042 4488 genuinam
2079 4419 2519 4474 constitutionem
2558 4420 2739 4489 Papae
2772 4421 2982 4474 Gela-sii
3007 4423 3050 4474 I.

394 4526 440 4562 a.
479 4510 584 4563 495
622 4510 712 4563 vel
749 4508 871 4570 496,
909 4506 965 4558 in
1004 4522 1104 4559 can
1160 4505 1208 4557 3.
1248 4503 1312 4556 D.
1351 4501 1496 4555 XXI.
1537 4501 1871 4555 collocatam.

574 4592 592 4624 ⁵
632 4589 739 4642 Cfr.
781 4587 904 4656 Sap.
948 4587 994 4649 1,
1034 4585 1190 4638 3—5.

571 4672 591 4703 θ
632 4671 858 4721 Ponsiue
894 4667 930 4720 l.
971 4684 1015 4720 0.
1055 4668 1182 4718 tom.
1223 4664 1263 4717 I.
1303 4681 1353 4732 p.
1396 4663 1513 4717 192.
1553 4679 1672 4730 sqq.

572 4751 588 4782 '¹
629 4747 942 4817 Spectantia
968 4747 1036 4800 ad
1073 4763 1158 4799 res
1181 4747 1306 4812 fidei
1343 4752 1389 4796 et
1412 4760 1624 4796 morum
1647 4742 1793 4795 intra
1820 4744 1994 4794 certos
2018 4740 2221 4794 limites
2259 4740 2595 4794 constituunt
2620 4740 2828 4794 fontem
2856 4758 3050 4809 cogno·

391 4828 622 4882 scendae
660 4826 1011 4912 revelationis
1037 4824 1391 4880 Christianae.
1453 4822 1561 4877 Cfr.
1592 4824 1822 4891 Fessler,
1857 4821 2059 4875 Institt.
2089 4820 2448 4888 Patrologiae,
2485 4824 2615 4875 tom.
2644 4821 2682 4874 Ι.
2724 4839 2776 4890 p.
2811 4822 2900 4877 50.
2930 4839 3050 4891 sqq.
