3355 5328
1438 330 1614 400 Caput
1649 330 1718 383 ΙΙ.
1770 329 1802 396 ἕ
1843 330 1962 384 159.
2906 326 3026 381 ’229

553 494 613 558 4.
679 492 784 557 Sic
845 492 1019 559 dicta
1087 492 1332 557 Tabula
1392 512 1508 557 seu
1569 492 1940 576 Marqarita
1992 489 2288 570 Decreti,
2351 513 2392 557 a
2438 492 2723 558 Martino
2770 494 3023 576 Polon0,

344 587 450 655 -Ο,
487 589 549 655 S.
583 591 686 669 D.,
735 591 955 674 Papae
1001 589 1503 674 poenitentiario
1552 593 1620 656 et
1667 589 2006 673 capellano
2040 586 2110 669 (†
2147 588 2365 672 1279),
2414 590 2736 656 adornata
2760 591 2800 669 ¹,
2859 611 3026 672 quae

369 691 474 753 est
520 687 721 753 index
771 688 1197 755 materiarum
1243 686 1528 753 Decreti.

549 795 630 861 H.
693 797 1127 861 Decretalibus
1173 797 1396 880 Papae
1443 796 1737 880 Greqorii
1783 794 1905 859 IX.
1957 793 2224 877 adjungi
2271 795 2486 860 solent

554 895 609 959 1.
658 892 819 959 item
868 894 1060 959 arbor
1105 895 1677 979 consanquinitatis
1727 900 1780 957 et
1827 893 2168 975 affinitatis
2181 944 2200 975 ,
2265 914 2462 976 supra
2498 898 2893 972 memorata,
2958 897 3026 960 et

364 989 632 1072 quidem
678 996 829 1075 post
874 991 982 1057 lib.
1032 991 1144 1057 IV.
1193 990 1297 1057 tit.
1353 993 1452 1057 14.

551 1092 609 1155 2.
660 1090 1032 1176 Marqarita
1078 1091 1526 1173 Decretalium,
1573 1088 1688 1166 issi,
1739 1107 1907 1171 quae
1948 1089 2233 1154 Decreto
2284 1088 2581 1155 Gratiani
2630 1088 2855 1155 addita
2902 1093 3023 1182 est,

364 1184 618 1266 similis,
669 1188 850 1271 cujus
895 1192 1120 1253 tamen
1167 1191 1397 1254 auctor
1441 1187 1708 1268 ignotus
1756 1190 1859 1252 est
1880 1184 1926 1254 ².

549 1287 607 1350 3.
668 1286 915 1351 Tabula
960 1286 1270 1351 Ludovici
1315 1286 1655 1370 Boloqnini
1704 1286 1782 1349 de
1816 1286 2109 1350 Bononia
2133 1279 2180 1368 ³,
2230 1304 2397 1366 quae
2443 1284 2789 1350 materiam
2835 1285 3026 1368 hujus

363 1381 794 1447 decretalium
841 1382 1240 1448 collectionis
1287 1382 1554 1448 exhibet
1602 1387 1669 1448 et
1715 1381 1783 1446 in
1830 1381 2104 1464 singulis
2162 1381 2346 1447 libris
2395 1386 2461 1448 et
2506 1381 2717 1448 titulis
2764 1382 2848 1447 ad
2893 1384 3025 1448 De-

362 1483 621 1545 cretum
685 1479 983 1546 Gratiani
1042 1478 1338 1562 respicit,
1401 1483 1469 1546 et
1528 1478 1680 1544 hinc
1742 1478 1941 1544 etiam
2013 1478 2353 1561 „Syllabus
2414 1478 3025 1544 concordantiarum

362 1575 796 1642 decretalium
843 1598 989 1642 cum
1035 1578 1352 1643 Decreto“
1408 1576 1647 1644 dicitur
1673 1575 1719 1642 ⁴.

544 1684 656 1750 III.
724 1685 1126 1750 Clementinis
1173 1684 1324 1749 addi
1370 1685 1539 1750 solet
1584 1686 1800 1749 Arbor
1844 1705 1961 1749 seu
1998 1684 2248 1768 Fiqura
2297 1686 2689 1749 declarativa
2736 1687 2902 1749 tituli
2951 1686 3028 1751 de

349 1783 511 1865 jure
545 1791 951 1867 patronatu&

545 1888 658 1954 IV.
708 1890 1317 1976 ExtravayantibuS,
1370 1894 1436 1955 et
1484 1889 1745 1971 quidem

548 1989 602 2052 1.
652 1988 891 2072 Viqinti
938 1988 1525 2072 Eoetravaqantibus
1571 1988 1795 2072 Papae
1841 1987 2119 2051 Joannis
2164 1985 2393 2067 XXII.
2443 1984 2707 2051 additur

543 2084 610 2165 a)
659 2086 741 2149 ab
787 2084 973 2150 initio
998 2135 1012 2163 ,
1075 2086 1353 2150 Joannis
1414 2086 1751 2150 Francisci
1813 2086 1890 2149 de
1936 2085 2204 2149 Pavinis
2265 2079 2408 2163 (cfr.
2473 2104 2671 2166 supra
2731 2104 2792 2166 p.
2846 2082 3023 2166 211.)

358 2182 787 2248 Praeludium
846 2187 914 2248 in
964 2184 1473 2268 Extravaqantes
1494 2235 1510 2265 ,
1577 2186 1649 2247 in
1708 2184 1987 2268 Reyulas
2051 2183 2487 2247 Cancellariae
2553 2190 2607 2246 et
2659 2183 3025 2247 Deci-§iones

363 2281 587 2364 Rotae,
637 2284 705 2346 et

539 2377 607 2461 b)
655 2378 723 2443 in
782 2380 909 2444 fine
927 2429 941 2457 ,
1006 2380 1295 2462 ejusdem
1357 2379 1643 2445 auctoris
1704 2381 2053 2464 Apostillae
2110 2378 2178 2442 in
2236 2378 2357 2442 has
2403 2378 2642 2461 Viyinti
2703 2377 3020 2442 Extrava-

349 2484 580 2561 qantes
627 2478 850 2562 Papae
895 2478 1174 2542 Joannis
1220 2478 1450 2543 XXII.

540 2582 607 2667 2)
653 2583 760 2648 Ad
792 2585 1303 2670 Eoetravayantes
1351 2606 1720 2668 communeS,
1771 2588 1839 2649 et
1886 2583 2146 2667 quidem
2178 2582 2260 2646 ab
2297 2580 2504 2659 initio,
2555 2580 2822 2666 adjungi
2854 2582 3026 2647 solet

359 2682 737 2769 Hieronymi
771 2685 994 2766 Clarii,
1031 2682 1347 2761 Brixiam,
1375 2683 1541 2766 juris
1574 2683 1914 2764 utriusque
1944 2681 2250 2748 Doctoris
2283 2684 2351 2747 et
2374 2679 2817 2746 Protonotarii
2841 2680 3019 2767 Apo-

338 2779 590 2859 ⁴stolici,
642 2779 752 2862 qui
797 2802 991 2846 saec·
1017 2781 1191 2846 XVI.
1240 2781 1480 2859 floruit,
1530 2781 1733 2846 Breve
1776 2783 2187 2866 praeludium
2232 2783 2303 2845 in
2325 2840 2329 2844 ,
2349 2780 2879 2864 Extravaqantea

341 2965 346 2971 ⁴
535 2888 610 2953 B.
674 2889 751 2952 In
794 2889 923 2953 fine
969 2887 1237 2974 Corpori
1276 2888 1443 2972 juris
1491 2887 1786 2953 canonici
1845 2887 2106 2953 adnecti
2152 2888 2367 2953 solent
2412 2886 2580 2952 varii
2644 2887 2886 2951 indices
2932 2884 3017 2950 ad

352 2985 834 3050 sublevandum
881 2986 1020 3068 ejus
1067 3007 1275 3064 usum,
1327 2990 1395 3051 et
1443 2985 1703 3067 quidem

541 3094 596 3158 1.
660 3091 906 3158 indices
924 3142 939 3175 ,
1002 3092 1304 3158 adornati
1365 3114 1406 3158 a
1458 3093 1926 3177 jurisconsulto
1985 3092 2172 3158 Gallo
2234 3112 2403 3158 saec.
2453 3091 2660 3156 XVII.
2682 3140 2696 3168 ,
2755 3089 3015 3156 nomine

352 3190 544 3255 Petro
594 3191 873 3255 Guenois
886 3242 905 3274 ,
969 3194 1037 3256 et
1097 3190 1356 3272 quidem
1418 3199 1716 3276 quattuor
1776 3191 1859 3255 ad
1918 3193 2257 3257 Decretum
2306 3190 2645 3272 Gratiani,
2707 3187 3015 3253 videlicet

342 3287 760 3371 ‚Summorum
805 3289 1214 3372 Pontificum,
1276 3309 1549 3370 quorum
1598 3289 1961 3354 decretales
2009 3291 2077 3354 et
2125 3286 2626 3353 constitutiones
2671 3285 2759 3350 ibi
2807 3285 3012 3349 addu-

341 3388 623 3473 cuntur,
677 3388 1096 3452 Conciliorum
1110 3438 1128 3469 ,
1193 3407 1467 3468 quorum
1515 3387 1813 3465 decreta,
1877 3390 1945 3453 et
1994 3389 2267 3451 aliorum
2315 3392 2674 3466 auctorum,
2738 3404 3012 3464 quorum

349 3483 556 3547 effata
588 3483 678 3548 ibi
710 3484 1100 3566 allegantur,
1151 3488 1350 3566 atque
1395 3507 1729 3568 canonum,
1778 3485 2025 3549 nullam
2066 3481 2556 3566 inscriptionem
2596 3480 3008 3558 habentium;

352 3599 548 3663 porro
596 3589 723 3647 tres
767 3580 1013 3647 indices
1061 3583 1144 3647 ad
1186 3585 1564 3648 collectiones
1598 3585 2026 3665 decretalium,
2074 3580 2379 3644 nimirum
2410 3581 2813 3644 Summorum
2845 3580 3010 3644 Pon-

346 3679 591 3762 tificum
602 3731 621 3762 ,
674 3681 1094 3745 Conciliorum
1141 3683 1210 3746 et
1258 3681 1685 3765 Scriptorum,
1740 3701 2014 3762 quorum
2063 3679 2424 3744 decretales
2443 3728 2457 3756 ,
2508 3676 3010 3743 constitutiones

347 3779 422 3842 et
467 3777 837 3860 respective
884 3779 1084 3843 effata
1128 3778 1197 3842 in
1245 3778 1374 3842 illis
1423 3778 1833 3844 exhibentur.

532 3886 591 3949 2.
641 3884 718 3948 In
764 3883 1048 3949 editione
1090 3885 1386 3966 glossata
1418 3885 1721 3968 Corporis
1762 3883 1928 3967 juris
1961 3883 2255 3950 canonici
2284 3885 2707 3969 Luqdunensi
2740 3904 2796 3947 a.
2838 3883 3002 3947 1671

348 3979 616 4046 additae
662 3985 817 4047 sunt
860 3984 1318 4061 Annotationes
1354 3986 1714 4067 practicae,
1774 3986 1843 4048 et
1879 3982 1946 4047 in
1992 3982 2276 4048 editione
2318 3983 2680 4047 Parisiensi
2724 4001 2782 4045 a.
2838 3981 3003 4045 1687

348 4098 437 4143 ex
481 4079 858 4146 recensione
889 4082 1068 4147 Petri
1115 4084 1183 4147 et
1215 4082 1550 4145 Francisci
1595 4080 1880 4145 fratrum
1921 4082 2325 4146 Pithoeorum
2362 4079 2664 4162 apposita
2710 4080 2812 4143 est
2844 4078 3006 4162 Syn-

347 4179 519 4261 opsis
561 4177 838 4259 fontium
870 4181 1050 4263 juris
1097 4181 1386 4244 canonici
1435 4181 1571 4243 aevi
1619 4181 2001 4264 antiquioris
2028 4177 2071 4244 ⁵.

529 4400 548 4434 ¹
588 4400 816 4469 Schulte,
853 4400 954 4454 Die
992 4399 1320 4454 Geschichte
1358 4400 1454 4453 der
1490 4399 1735 4465 Quellen,
1772 4403 1901 4455 tom.
1939 4401 2007 4454 H.
2046 4419 2097 4471 p.
2140 4400 2259 4454 137.

527 4480 548 4514 ²
588 4481 827 4544 Schulte‚
877 4479 978 4533 Die
1014 4478 1188 4532 Lehre
1226 4497 1332 4533 von
1371 4479 1474 4533 den
1512 4479 1757 4545 Quellen‚
1796 4499 1847 4550 p.
1888 4481 2009 4535 353.
2048 4483 2159 4534 not.
2198 4482 2279 4545 4.;
2337 4481 2500 4548 Idem,
2537 4477 2638 4532 Die
2676 4476 3003 4532 Geschichte

344 4557 445 4611 der
481 4558 1344 4708 leegdgiing?i}?scliichlt{8des
1381 4646 1514 4693 rom.
1552 4639 1776 4705 Rechts,
1815 4644 1946 4694 tom.
1984 4641 2078 4695 VI.
2117 4659 2169 4711 p.
2209 4641 2329 4694 356.
2369 4656 2488 4708 sqq.

525 4718 549 4754 ⁴
588 4720 815 4788 Schnlte,
853 4718 954 4772 Die
994 4718 1322 4772 Geschichte
1362 4720 1457 4773 der
1496 4719 1741 4784 Quellen,
1780 4723 1909 4774 tom.
1949 4721 2016 4775 II.
2055 4739 2107 4791 p.
2148 4721 2269 4774 347.
2371 4752 2374 4755 ¹

524 4799 549 4834 ⁵
587 4800 816 4868 Schulte,
853 4799 953 4852 Die
991 4797 1164 4852 Lehre
1200 4817 1309 4852 von
1347 4800 1448 4852 den
1488 4798 1729 4864 Quellen,
1767 4819 1817 4870 p.
1859 4801 1979 4855 353.
2018 4818 2100 4870 sq.
