3355 5328
374 316 482 371 244
971 314 1275 385 Appendix.
1350 312 1684 368 Introductio
1720 311 1778 365 in
1815 312 1971 382 Corp.
2005 312 2111 383 jur.
2153 311 2257 366 civ.
2295 330 2427 366 rom.

555 476 734 553 Quae
782 474 1080 541 collectio
1121 474 1287 558 juris
1334 473 1588 540 romani
1647 473 1920 557 proinde
1980 473 2241 557 publica
2300 494 2417 538 seu
2464 472 2844 539 authentica
2888 472 3040 539 fuit.

376 574 631 640 Dicitur
680 575 889 638 Codex
953 574 1446 637 Theodosianus,

554 671 885 737 Dividitur
944 670 1013 734 in
1072 670 1355 735 sedecim
1416 670 1641 752 libros,
1711 690 1983 751 quorum
2047 669 2329 752 quinque
2388 669 2640 753 priores
2701 668 3045 735 continent

377 769 877 836 constitutiones
922 768 1382 851 imperatorias
1402 818 1416 846 ,
1467 768 1551 832 ad
1584 770 1701 851 jus
1739 771 2069 852 privatum
2113 767 2522 850 pertinentes
2540 818 2554 846 ,
2609 767 2758 833 libri
2804 765 3044 849 reliqui

377 889 582 949 usque
615 868 698 932 ad
728 866 838 932 lib.
873 866 1014 931 XV.
1048 865 1196 931 incl.
1234 887 1366 943 eas,
1418 886 1585 947 quae
1619 864 1704 930 ad
1737 868 1854 949 jus
1875 864 2207 950 publicum
2244 869 2567 949 spectant,
2617 869 2686 932 et
2716 866 2825 932 lib.
2859 866 3041 931 XVI.

374 966 544 1044 illas,
595 986 762 1048 quae
812 965 895 1029 ad
940 984 1258 1047 personas
1306 968 1374 1030 et
1419 985 1527 1028 res
1575 963 2055 1028 ecclesiasticas
2099 964 2451 1047 pertinent.

558 1062 808 1144 Singuli
838 1061 987 1126 libri
1011 1061 1514 1126 subdividuntur
1535 1061 1603 1125 in
1634 1064 1865 1144 titulos,
1899 1061 2334 1144 peculiaribus
2361 1063 2636 1127 rubricis
2650 1050 3040 1139 instructo&

374 1161 444 1225 in
475 1161 707 1244 quibus
739 1160 1038 1242 singulae
1072 1159 1574 1225 constitutiones
1619 1159 2085 1242 imperatoriae
2124 1159 2348 1224 ordine
2382 1158 2858 1241 chronologic0‚
2907 1158 3044 1224 uti-

378 1281 502 1342 que
541 1262 764 1325 autem
794 1258 970 1323 haud
1000 1279 1151 1323 raro
1183 1261 1501 1336 mutatae,
1552 1261 1620 1324 et
1650 1258 2043 1349 praesertim
2082 1257 2525 1336 abbreviatae,
2573 1258 2829 1341 positae
2861 1260 3042 1323 sunt.

556 1357 759 1425 Citari
806 1356 1026 1421 Codex
1071 1356 1182 1420 ille
1228 1355 1351 1420 hoc
1398 1356 1588 1421 modo
1637 1355 1824 1421 solet.
1906 1356 1985 1421 V.
2036 1377 2136 1437 g.:

554 1456 625 1521 L.
676 1453 839 1536 (lex)
887 1476 994 1519 un.
1043 1454 1194 1519 Cod.
1244 1453 1538 1520 Theod.¹
1590 1454 1670 1518 de
1717 1474 2008 1537 respons,
2058 1455 2470 1537 prudentum.

557 1553 622 1619 C.
673 1551 1110 1634 (constitutio)
1164 1554 1218 1617 1.
1270 1552 1420 1618 Cod.
1471 1552 1713 1617 Theod.
1764 1552 1868 1616 Ne
1915 1573 2173 1617 sacrum
2219 1552 2548 1634 baptisma
2593 1551 2889 1618 iteretur.

556 1650 831 1715 Numeri
877 1652 1027 1716 libri
1073 1654 1142 1715 et
1187 1653 1373 1733 tituli,
1422 1650 1489 1713 in
1537 1650 1770 1732 quibus
1815 1651 1996 1715 locus
2040 1650 2282 1716 citatus
2331 1650 2633 1728 occurrit,
2684 1649 3042 1731 quaerendi

379 1753 533 1814 sunt
578 1749 645 1812 in
691 1748 901 1813 indice
947 1748 1352 1812 rubricarum
1398 1748 1741 1813 titulorum
1789 1748 2201 1831 alphabetico
2222 1799 2235 1826 ‚
2299 1748 2409 1830 qui
2462 1748 2612 1813 huic
2659 1748 2875 1813 Codici
2923 1748 3046 1812 ad-

381 1847 554 1913 ditus
602 1850 722 1911 est.
816 1846 1167 1923 Quaeritur
1212 1850 1433 1911 autem
1480 1846 1548 1910 in
1595 1847 1717 1911 hoc
1763 1846 1973 1911 indice
2021 1847 2249 1911 eadem
2297 1846 2573 1924 ratione,
2623 1846 2721 1911 uti
2766 1847 2889 1911 hoc
2934 1868 3046 1910 re-

380 1949 608 2029 spectu
656 1965 853 2028 supra
884 1941 973 2027 (p.
1014 1946 1158 2009 100.
1194 1944 1364 2026 sqq.)
1413 1944 1493 2009 de
1540 1944 2029 2010 collectionibus
2079 1945 2503 2010 decretalium
2536 1945 2836 2010 diximus,
2901 1943 3046 2020 Qua

379 2044 634 2110 ratione
666 2064 783 2126 pro
814 2041 1017 2125 priori
1049 2042 1252 2109 citato
1285 2042 1618 2109 invenitur
1641 2042 1751 2108 lib.
1780 2043 1828 2108 I.
1863 2044 1966 2108 tit.
1996 2046 2080 2121 4.,
2113 2064 2232 2126 pro
2267 2044 2477 2109 altero
2509 2043 2618 2109 lib.
2646 2043 2819 2109 XVI.
2847 2043 2952 2108 tit.
2979 2046 3042 2109 6.

556 2140 932 2206 Recentiori
988 2145 1317 2223 tempore'
1349 2145 1570 2206 autem
1630 2140 1885 2205 numeri
1946 2143 2096 2206 libri
2143 2145 2210 2206 et
2269 2144 2437 2206 tituli
2476 2142 2616 2225 jam
2661 2141 2784 2225 ipsi
2834 2140 3044 2206 citato

383 2239 623 2322 apponi
670 2239 901 2304 solent.
1821 2257 1827 2265 ·

559 2338 741 2402 Inter
787 2335 1104 2420 editiones
1153 2335 1402 2400 Codicis
1449 2336 1885 2401 Theodosiani
1947 2358 2106 2420 prae
2157 2337 2394 2402 ceteris
2454 2337 2877 2402 memoranda
2938 2341 3047 2403 est

380 2435 520 2513 illa,
570 2455 737 2518 quae
785 2455 930 2499 cum
976 2434 1316 2517 praeclaro
1366 2434 1833 2500 commentario
1874 2434 2323 2518 jurisconsulti
2370 2436 2596 2500 Jacob&
2645 2435 3045 2520 Gothofrecli,

380 2533 598 2617 patria
647 2532 1046 2598 Genevensis
1094 2530 1164 2613 (†
1202 2532 1399 2615 1652)
1426 2530 1471 2610 ²,
1521 2554 1679 2597 cura
1717 2532 2167 2616 jurisconsulti
2218 2533 2418 2611 Galli,
2471 2533 2728 2599 nomine
2775 2535 3049 2599 Antonii

383 2634 682 2699 Marville
707 2626 750 2715 ³,
798 2630 1040 2714 prodiit
1072 2631 1378 2715 Luqdum·
1416 2633 1605 2709 1665,
1658 2636 1725 2697 et
1763 2631 2021 2710 iterum,
2073 2652 2229 2697 cura
2259 2633 2450 2699 Joan.
2486 2633 2783 2698 Danielis
2812 2633 3044 2716 Rilter,

382 2731 640 2814 Lipsiae
693 2732 862 2794 1736
912 2750 1086 2811 sqq.,
1142 2731 1180 2792 6
1227 2730 1380 2794 voll.
1443 2729 1511 2793 in
1557 2729 1667 2795 fol.
1692 2780 1705 2807 ‚
1769 2731 1887 2794 sub
1948 2729 2176 2795 titulo:
2252 2731 2506 2808 „Codex
2552 2730 3049 2796 Theodosianus

383 2852 529 2895 cum
591 2832 908 2911 perpetuo
934 2827 960 2863 ⁴
1030 2827 1496 2893 commentario
1556 2828 1600 2892 J
1604 2828 1788 2892 acobi
1852 2828 2292 2894 Gothofredi.“
2394 2829 2599 2894 Porro
2659 2829 2772 2894 illa
2842 2828 3048 2894 editio

382 2928 572 3010 hujus
638 2924 887 2990 Codicis
953 2921 1118 3005 (sine
1184 2925 1717 3008 commentario),
1793 2946 1959 3007 quae
2026 2948 2181 2991 cura
2249 2927 2538 3010 praefati
2594 2926 3052 3010 jurisconsulti

385 3026 654 3091 Gustavi
700 3025 946 3087 Haenel
991 3022 1232 3105 prodiit
1272 3023 1540 3088 Bonnae
1578 3025 2038 3103 1837—1842,
2089 3026 2208 3089 sub
2254 3025 2482 3091 titulo:
2542 3025 2795 3104 „Codex
2829 3025 3049 3090 Theo-

388 3122 713 3188 dosianUS.
808 3119 1130 3186 Instruxit
1180 3122 1499 3186 Gustavus
1546 3122 1851 3187 Haenel.“
1889 3122 1913 3160 ⁵

453 3323 491 3410 ξ
539 3322 628 3391 13.
720 3323 1027 3391 Novellae
1078 3324 1576 3392 constitutiones
1625 3324 2116 3392 Theodosianae
2166 3326 2231 3392 et
2278 3324 2972 3393 Posttheodosianaess.

565 3485 786 3551 Etiam
832 3490 981 3568 post
1026 3485 1427 3568 publicatum
1475 3506 1532 3550 a.
1584 3487 1714 3549 438
1754 3483 2054 3549 Codicem
2100 3485 2468 3568 Imperator
2522 3487 2904 3551 Theodosius
2951 3488 3046 3554 II.

385 3584 605 3666 plures
638 3583 1136 3650 constitutiones
1170 3583 1388 3648 edidit.
1461 3583 1642 3647 Idem
1680 3582 1979 3648 fecerunt
2027 3583 2165 3666 ejus
2198 3604 2607 3649 successores
2653 3583 2720 3648 in
2753 3583 3047 3664 Oriente,

388 3686 529 3747 tum
577 3682 777 3747 etiam
808 3682 1248 3764 Imperatores
1283 3681 1673 3747 Occidentis
1741 3680 1919 3756 Quae
1953 3681 2453 3747 constitutiones
2488 3681 2701 3748 dictae
2733 3686 2888 3748 sunt
2918 3684 3048 3748 No·

387 3782 580 3844 vellae
604 3779 672 3860 (i.
700 3800 755 3845 e.
784 3780 1283 3846 constitutiones
1307 3779 1753 3862 posteriores).
1818 3778 2011 3857 Quas,
2048 3784 2115 3845 et
2138 3779 2522 3845 nominatim
2548 3780 2806 3862 quidem
2830 3781 3050 3863 Impe-

389 3877 627 3942 ratoris
670 3879 1000 3942 Theodosii
1030 3879 1119 3943 II.
1124 3930 1143 3961 7
1176 3880 1613 3943 Valentiniani
1645 3878 1796 3961 HL,
1844 3878 2120 3942 Maximi
2152 3875 2359 3960 (455),
2408 3880 2766 3963 Majoriani
2798 3876 2952 3959 (457
2981 3902 3045 3945 11.

390 3976 474 4040 ad
507 3976 686 4060 461),
719 3977 897 4040 Libii
921 3978 1134 4042 Severi
1159 3975 1568 4058 (461—465)
1602 3979 1669 4042 et
1693 3976 2017 4040 Anthemii
2043 3973 2473 4060 (467—472),
2509 3997 2655 4041 cum
2687 3976 2831 4042 aliis
2865 3982 3049 4043 octo-

571 4144 588 4177 ¹
630 4141 778 4206 Quae
815 4159 954 4195 vox:
1001 4143 1192 4194 Theod.
1233 4140 1359 4194 addi
1394 4141 1571 4204 debet,
1613 4144 1883 4208 quatenus
1910 4142 2093 4194 Codex
2129 4141 2222 4194 ille
2261 4159 2294 4194 a
2333 4140 2527 4195 Codice
2564 4141 2912 4211 Imperatoris
2951 4142 3051 4196 Ju-

390 4221 611 4275 stiniani
650 4222 1033 4289 distinguatur.

572 4306 590 4336 ²
629 4305 842 4371 Jecher,
881 4302 1113 4369 Allgem.
1155 4300 1735 4365 Gelehrten-Lexikon,
1771 4304 1900 4354 tom.
1940 4303 2007 4355 II.
2047 4303 2147 4356 col.
2190 4302 2373 4366 1091.;
2413 4304 2590 4372 Huqo,
2629 4301 2914 4356 Lehrbuch
2952 4303 3052 4356 der

392 4381 719 4436 Geschichte
757 4383 852 4436 des
888 4381 1195 4435 romischen
1230 4382 1435 4436 Rechts
1473 4382 1579 4436 seit
1616 4380 1909 4445 Jusfinian,
1949 4381 2029 4434 ed.
2069 4382 2162 4435 III.
2203 4382 2379 4435 Berol.
2423 4383 2576 4446 1830,
2613 4400 2664 4452 p.
2705 4382 2826 4435 355.
2866 4399 2988 4450 sqq.

575 4464 594 4495 ³
632 4464 831 4516 Jecher
865 4462 900 4515 l.
942 4480 986 4515 c.
1026 4465 1155 4516 tom.
1195 4463 1290 4517 III.
1330 4463 1429 4516 col.
1474 4463 1622 4525 149.;
1663 4463 1823 4529 Huqo
1861 4462 1896 4515 l.
1937 4480 1981 4516 c.
2021 4481 2072 4532 p.
2114 4463 2235 4516 357.
2275 4466 2385 4516 not.
2425 4462 2475 4517 3.

569 4543 594 4577 4
629 4543 670 4595 Ι.
711 4561 756 4596 e.
796 4541 1102 4596 continente
1141 4560 1239 4595 seu
1277 4542 1545 4606 continuo,
1581 4560 1745 4610 yerm.
1763 4562 1781 4595 :
1816 4542 1918 4596 mit
1954 4543 2390 4597 fortlaufendem.

573 4625 591 4657 ⁵
628 4622 691 4674 In
719 4622 951 4691 Corpore
972 4621 1113 4692 juris
1139 4621 1348 4676 romani
1373 4621 1820 4692 Antejustiniani‚
1849 4623 1930 4675 ed.
1960 4622 2178 4675 Bonnae
2211 4623 2343 4677 1841
2375 4640 2513 4691 sqq„
2551 4623 2787 4676 refertur
2811 4625 2959 4693 tomo
2979 4622 3049 4676 Π.

573 4703 592 4738 6
630 4703 910 4770 Koerlowa,
948 4701 1238 4756 Romische
1275 4702 1815 4769 Rechtsgeschichte‚
1854 4721 1906 4772 p.
1946 4703 2067 4756 964.
2108 4720 2257 4771 sqq.;
2312 4705 2547 4771 Kriiyer,
2588 4700 2915 4757 Gesohichte
2954 4703 3050 4756 der

394 4781 623 4847 Quellen
659 4782 769 4834 und
806 4781 1106 4836 Litteratur
1145 4784 1240 4837 des
1277 4790 1408 4837 rom.
1449 4782 1671 4847 Rechts,
1712 4800 1762 4851 p.
1804 4783 1924 4836 291.
1964 4800 2085 4852 sqq.
