3355 5328
389 324 421 376 2
1507 318 1911 386 Prolegomena.

1309 531 1348 616 ξ
1396 530 1456 597 2.
1547 530 1672 598 Jus
1721 533 2121 600 canonicum.

563 706 605 772 J
608 726 684 770 us
749 703 1130 769 canonicum
1187 701 1554 784 generatim
1618 700 1791 767 idem
1858 704 1960 766 est
2023 705 2221 784 atque
2285 706 2636 788 complexus
2701 724 3032 768 canonum.

388 804 518 871 Sub
565 825 802 868 canone
833 800 1070 884 (κανών)
1103 823 1291 865 sensu
1331 803 1546 865 latiori
1585 799 1978 881 intelligitur
2008 800 2277 882 quaevis
2316 822 2545 866 norma
2584 801 2750 885 juris
2790 800 3037 883 scripta

383 923 499 968 seu
543 901 654 965 lex
685 898 747 981 (ἓ
786 900 871 983 1),
921 899 1184 964 condita
1215 920 1255 963 a
1286 900 1618 982 potestate
1648 897 2027 979 legislativa
2077 901 2490 964 ecclesiastica
2515 899 2555 982 ¹,
2606 899 2758 963 dum
2803 919 3034 963 norma

262 1014 272 1035 ²
378 999 544 1083 juris
577 997 842 1081 scripta,
893 1018 932 1061 a
964 995 1285 1061 saeculari
1317 1016 1433 1060 seu
1465 994 1640 1059 civili
1670 998 2002 1078 potestate
2033 995 2408 1078 legislativa
2446 996 2726 1074 condita,
2773 995 3034 1079 proprie

383 1096 751 1180 appellatur
796 1098 895 1160 tex
907 1145 926 1177 ,
987 1091 1159 1172 νόμος
1177 1091 1222 1159 ².
1317 1094 1518 1158 Sensu
1580 1095 1884 1157 strictiori
1930 1096 2151 1158 autem
2197 1094 2318 1158 sub
2365 1116 2601 1159 canone
2645 1093 3035 1176 intelligitur

383 1194 629 1278 scripta
674 1213 904 1257 norma
943 1191 1110 1274 juris
1156 1189 1599 1256 ecclesiastica
1644 1193 2047 1274 universalis,
2095 1191 2136 1257 i.
2186 1212 2240 1256 e.
2293 1212 2370 1256 ea
2391 1242 2405 1269 ,
2458 1213 2625 1274 quae
2670 1190 3034 1257 Ecclesiam

382 1292 757 1358 universam
804 1288 1174 1370 obstringit,
1225 1288 1436 1370 qualis
1484 1291 1587 1353 est
1633 1288 2016 1354 constitutio
2051 1288 2295 1354 Summi
2341 1289 2674 1355 Pontificis
2722 1293 2838 1355 aut
2868 1289 3033 1354 Con—

385 1389 514 1454 cilii
559 1387 904 1471 generaliS,
952 1387 1021 1451 in
1068 1386 1474 1471 oppositione
1521 1387 1605 1450 ad
1653 1386 2186 1452 constitutionem
2218 1387 2746 1466 ecclesiasticam,
2795 1409 2835 1452 a
2867 1387 3032 1452 0011-

383 1487 529 1552 cilio
574 1483 955 1570 particulari
1001 1487 1117 1549 aut
1164 1484 1466 1568 episcopo
1514 1483 1831 1566 singulari
1878 1484 2123 1550 editam
2150 1480 2192 1551 ³.

382 1751 443 1788 se
483 1732 745 1786 definiunt
761 1774 773 1796 ,
799 1735 896 1799 jus
933 1734 1334 1784 ecclesiasticum
1370 1735 1650 1799 privatum
1702 1731 1880 1785 dicere
1919 1732 2109 1786 solent.
2183 1732 2416 1785 Normae
2467 1735 2648 1786 autem
2684 1732 2812 1786 illae
2828 1774 2841 1797 ,
2893 1750 3028 1800 quae

380 1816 624 1867 mutuam
661 1812 980 1865 relationem
1018 1811 1160 1865 inter
1194 1811 1499 1865 Ecclesiam
1537 1815 1593 1865 et
1629 1829 1889 1881 personas
1927 1813 1995 1865 ab
2022 1829 2085 1865 ea
2123 1812 2331 1866 alienas
2359 1812 2736 1876 determinant,
2772 1812 2830 1865 in
2865 1830 3028 1865 unum

385 1892 804 1963 comprehensae
828 1895 927 1959 jus
964 1894 1371 1945 ecclesiasticum
1397 1894 1677 1960 publicum
1715 1900 1994 1945 est-ternum
2031 1892 2137 1945 dici
2173 1895 2587 1946 consueverunt.
2622 1892 2762 1946 cfr.
2803 1888 3029 1960 Schulte,

382 1973 484 2027 Die
520 1972 694 2026 Lehre
730 1990 840 2025 von
878 1973 981 2025 den
1007 1972 1234 2036 Quellen
1271 1973 1367 2025 des
1404 1972 1608 2026 kathol.
1636 1971 2076 2026 KirohenrechtS.
2128 1971 2353 2026 Giessae
2382 1973 2535 2037 1860,
2573 1991 2623 2042 p.
2652 1973 2768 2035 25.;
2805 1974 3031 2025 Schenkl

380 2055 415 2108 l.
455 2071 500 2108 0.
539 2056 667 2106 tom.
705 2053 746 2125 Ι.
786 2070 849 2122 p.
890 2054 957 2106 59
996 2070 1077 2120 sq.
1152 2052 1320 2105 Porro
1358 2053 1424 2106 de
1456 2051 1921 2122 juregeneratim
1961 2053 2058 2105 cfr.
2100 2055 2339 2122 Arndts,
2399 2052 2725 2106 Juristische
2761 2052 3030 2122 Encyklo-

385 2133 543 2204 padie
579 2134 689 2186 und
725 2132 1141 2199 Methodologie,
1181 2133 1262 2186 ed.
1301 2132 1450 2186 VIII.
1508 2132 1803 2200 Stuttgart.
1847 2133 2000 2196 1887,
2040 2150 2090 2202 p.
2131 2135 2162 2186 9
2202 2151 2347 2202 sqq.;
2406 2134 2890 2202 Schmalzyrueber,
2931 2133 3031 2186 Jus

385 2214 516 2268 eccl.
555 2213 722 2277 univ„
760 2213 1056 2279 Ingolstad.
1099 2213 1252 2276 1726,
1290 2212 1519 2266 Dissert.
1558 2231 1791 2282 prooem.
1832 2213 1864 2279 ἓ
1902 2213 2021 2266 VII.
2066 2231 2118 2267 n.
2158 2213 2263 2267 230
2301 2230 2419 2282 sqq.

562 2303 582 2337 ²
624 2301 1044 2368 „Ecclesiastica
1080 2300 1397 2355 constitutio
1436 2301 1656 2356 canonis
1692 2301 1908 2355 nomine
1946 2304 2244 2356 censetur.“
2287 2332 2357 2340 —
2402 2302 2600 2367 „Porro
2637 2319 2903 2355 canonum
2940 2301 3034 2355 alii

380 2386 509 2437 sunt
567 2383 786 2437 decreta
840 2382 1164 2435 Pontificum
1180 2424 1192 2446 ,
1249 2382 1343 2435 alii
1396 2385 1606 2436 statuta
1645 2382 2052 2436 Conciliorum.“
2150 2383 2205 2451 (ἓ
2255 2381 2644 2436 Ecclesiastica
2699 2382 3029 2437 constitutio,

382 2465 428 2518 1.
469 2463 596 2517 dict.
637 2463 788 2518 Grat.
826 2462 943 2516 init.
982 2462 1046 2515 D.
1074 2462 1169 2516 III.
1183 2482 1195 2526 ;
1234 2481 1314 2532 pr.
1355 2461 1480 2516 dict.
1521 2462 1671 2517 Grat.
1712 2466 1836 2532 post
1874 2481 1918 2516 0.
1947 2463 1996 2516 2.
2036 2464 2198 2529 ead..)
2243 2462 2317 2516 Et
2353 2462 2503 2533 Papa
2536 2465 2852 2516 Benedictus
2875 2465 3028 2517 XIV.

383 2544 786 2609 (1740-1758)
827 2542 884 2595 in
921 2560 1017 2595 suo
1056 2560 1244 2612 opere.
1296 2542 1376 2595 De
1413 2543 1618 2612 synodo
1658 2543 1977 2597 dioecesana
2020 2544 2125 2612 (ed.
2163 2544 2316 2597 Rom.
2358 2541 2553 2610 1755),
2609 2542 2701 2596 lib
2740 2542 2781 2595 Ι.
2822 2560 2937 2612 cap.
2977 2544 3027 2597 8.

378 2642 429 2677 n.
475 2624 542 2689 2,
580 2626 740 2677 utens
776 2621 960 2676 verbis
998 2622 1279 2691 cujusdam
1317 2622 1527 2691 antiqui
1563 2623 1816 2689 auctoriS,
1855 2624 1920 2678 de
1956 2623 2059 2677 hac
2095 2641 2155 2677 re
2192 2623 2297 2718 ait':
2355 2623 2761 2703 „Appellatione
2799 2622 3030 2677 Canonis

378 2703 532 2757 venit
568 2702 741 2756 omnis
781 2702 1108 2762 Constitutio
1144 2702 1579 2756 Ecclesiasticast‘

561 2794 582 2828 ²
617 2792 734 2845 Hoc
760 2809 924 2846 sensu
951 2792 1018 2845 ab
1045 2792 1376 2861 Imperatore
1403 2794 1721 2845 Justiniano
1746 2796 1791 2846 I.
1822 2794 1948 2859 (527
1954 2792 2196 2860 —565)
2180 2811 2238 2845 111
2263 2793 2597 2863 praefatione
2622 2792 2885 2847 Novellae
2907 2794 3024 2847 137.

376 2890 424 2925 a.
465 2872 570 2926 564
613 2872 760 2940 (vide
796 2872 940 2925 infra
976 2870 1306 2943 Appendicis
1357 2889 1474 2941 cap.
1514 2872 1555 2925 I.
1594 2875 1696 2925 art.
1737 2873 1811 2938 3.)
1866 2876 2233 2926 memorantur
2270 2871 2513 2923 πολιτικοὶ
2560 2872 2700 2939 νόμοι
2740 2873 2916 2940 (leges
2954 2872 3025 2926 ci-

374 2952 539 3019 viles)
581 2954 746 3020 atque
783 2950 902 3018 ἱεροὶ
936 2949 1140 3005 κανόνες
1182 2950 1347 3019 (sacri
1393 2950 1670 3019 canones).
1747 2950 1864 3017 Qua
1912 2952 2120 3006 ratione
2157 2971 2343 3023 porr0‚
2396 2952 2490 3021 qui
2539 2952 2773 3023 scriptas
2809 2970 3025 3006 normas

368 3031 510 3102 juris
562 3030 965 3085 ecclesiasticas
1009 3030 1285 3099 (canones)
1329 3031 1756 3102 interpretantur
1778 3074 1812 3096 ,,
1849 3036 2155 3086 canonistae
2172 3076 2187 3103 ,
2242 3032 2335 3102 qui
2382 3032 2573 3086 civiles
2623 3051 2840 3086 normas
2885 3032 3025 3103 juris

375 3111 609 3181 scriptas
653 3111 847 3179 (leges)
892 3114 1169 3180 exponunt
1184 3153 1197 3176 ,
1251 3113 1461 3178 leyistae
1498 3111 1751 3165 dicuntur
1791 3112 1971 3178 (Sarti
1984 3155 1999 3182 ,
2050 3113 2131 3166 De
2180 3113 2344 3167 claris
2396 3112 2820 3183 archigymnasii
2854 3113 3024 3165 Bono-

373 3191 578 3245 niensis
628 3190 1038 3261 professoribus
1111 3192 1312 3244 Bonon.
1370 3192 1505 3245 1769
1553 3209 1671 3260 sqq.
1691 3235 1703 3256 ,
1754 3195 1882 3247 tom.
1922 3193 1963 3247 I.
2016 3197 2153 3263 part.
2197 3195 2243 3247 1.
2296 3212 2347 3263 Ρ.
2388 3193 2508 3247 247.
2561 3193 2593 3259 ἓ
2635 3194 2717 3257 1.;
2771 3195 3022 3260 Saviyny,

378 3271 706 3325 Geschjchte
743 3273 840 3325 des
876 3278 1008 3323 rom.
1047 3271 1253 3325 Rechts
1289 3271 1366 3324 im
1390 3271 1728 3338 Mittelalter,
1767 3273 1848 3326 ed.
1888 3274 1955 3327 II.
2006 3273 2401 3342 Heidelbergae
2436 3274 2573 3327 1834
2598 3291 2737 3342 sqq„
2772 3276 2902 3326 tom.
2929 3273 3023 3334 ΙΠ,

374 3370 425 3421 Ρ.
474 3351 641 3417 246.).
714 3351 920 3404 Eadem
970 3350 1179 3404 ratione
1226 3351 1473 3405 collectio
1524 3352 1850 3422 scriptarum
1894 3371 2202 3408 normarum
2246 3354 2387 3426 juris
2425 3352 2919 3407 ecclesiasticarum
2968 3356 3025 3406 et

374 3430 536 3485 simul
573 3430 938 3502 spectantium
977 3431 1045 3483 ad
1083 3448 1176 3484 eas
1202 3430 1529 3501 scriptarum
1553 3450 1864 3486 normarum
1890 3434 2030 3503 juris
2056 3434 2297 3488 civilium
2323 3452 2419 3487 seu
2445 3431 2804 3486 saecularium
2828 3434 3025 3485 Nomo-

374 3528 548 3564 canon
589 3511 928 3577 (νομοκάνων)
972 3510 1292 3580 appellatur.
1349 3512 1610 3578 (Lexicon
1647 3513 1779 3566 eccl.
1806 3512 2183 3580 Friburgense.
2232 3513 2479 3580 Friburg.
2505 3512 2683 3579 Brisg.
2714 3513 2849 3567 1847
2884 3530 3021 3580 sqq„

373 3593 501 3645 tom.
547 3591 662 3645 VII.
701 3608 752 3659 p.
793 3590 898 3644 630
935 3590 1080 3659 sqq.)

555 3680 576 3714 ⁸
612 3679 692 3732 De
731 3696 835 3747 quo
875 3679 1025 3749 Papa
1062 3682 1378 3735 Benedictus
1415 3684 1571 3735 XIV.
1586 3724 1602 3751 ,
1654 3682 1951 3752 respiciens
1990 3683 2057 3735 ad
2096 3682 2299 3736 dictum
2339 3699 2497 3735 suum
2519 3722 2532 3746 ,
2582 3698 2747 3751 supra
2790 3680 2921 3749 (not.
2964 3681 3020 3747 1)

373 3760 672 3828 allegatum
691 3800 703 3822 ‚
741 3757 776 3811 l.
817 3776 862 3811 0.
901 3777 955 3812 11.
995 3759 1043 3812 3.
1082 3759 1189 3813 ait:
1253 3763 1366 3827 „Ita
1404 3763 1645 3830 profecto
1681 3780 1772 3816 res
1809 3780 1868 3815 se
1905 3762 2158 3826 haberet,
2202 3762 2250 3815 si
2286 3762 2444 3816 unice
2480 3761 2840 3816 insistendum
2878 3763 3026 3814 esset

375 3839 527 3893 vocis
567 3837 930 3909 etymologiae
967 3841 1023 3891 et
1059 3838 1459 3905 grammaticali
1495 3841 1738 3912 ejusdem
1776 3842 2184 3909 significationi:
2240 3846 2299 3897 at
2323 3886 2336 3907 ,
2388 3843 2437 3896 si
2487 3858 2822 3895 communem
2873 3840 3025 3894 vocis

377 3920 476 3985 (sc.
505 3918 699 3986 canon)
733 3918 1100 3988 acceptionem
1125 3919 1474 3986 attendimus,
1512 3924 1789 3992 praefatas
1817 3922 2241 3976 Constitutiones
2282 3924 2381 3989 (sc.
2408 3922 2779 3992 episcoporum
2805 3920 3023 3974 Summo

371 3999 634 4052 Pontifice
688 3998 1005 4051 inferiorum
1056 4002 1112 4052 et
1161 4000 1490 4069 synodorum
1542 4002 1980 4072 provincialium)
2035 4004 2273 4055 Canones
2324 4003 2596 4072 appellare
2647 4001 3020 4071 prohibemur;

372 4097 505 4132 usus
543 4078 741 4149 quippe
778 4096 921 4132 nunc
959 4079 1337 4145 communiter,
1377 4081 1434 4134 et
1470 4082 1757 4151 praecipue
1796 4083 1939 4152 apud
1971 4083 2231 4136 Doctores
2266 4082 2517 4144 invaluit,
2555 4085 2617 4135 ut
2657 4083 2893 4135 Canonis
2929 4099 3018 4133 no-

372 4159 514 4213 mine
553 4159 701 4213 solae
739 4157 1062 4213 denotentur
1089 4159 1530 4226 ConstitutioneS,
1571 4179 1709 4230 quae
1746 4163 2058 4216 universam
2096 4162 2440 4229 obstringunt
2473 4161 2793 4223 Ecclesiam,
2832 4160 3022 4229 quales

372 4238 501 4292 illae
539 4243 684 4303 sunt,
723 4257 861 4308 quae
901 4256 933 4291 a
960 4239 1213 4293 Conciliis
1251 4240 1598 4306 generalibus
1636 4245 1733 4295 aut
1769 4260 1801 4295 a
1835 4242 2053 4296 Summo
2078 4242 2339 4296 Pontifice
2376 4243 2741 4311 promanant.“
2795 4241 3024 4310 Insuper

371 4318 572 4372 ibidem
609 4318 751 4372 idem
789 4318 1041 4372 Summus
1078 4319 1350 4385 Pontifex,
1389 4337 1623 4388 sequens
1661 4322 2071 4376 celeberrimum
2106 4321 2455 4391 interpretem
2487 4321 2626 4392 juris
2664 4320 3025 4375 ecclesiastici

370 4416 513 4452 saec.
552 4399 743 4463 XVII„
780 4398 994 4452 nomine
1034 4402 1358 4467 Prosperum
1396 4402 1723 4468 Faynanum
1763 4403 1819 4468 (†
1848 4402 2031 4468 1678),
2069 4405 2237 4465 notat,
2281 4403 2468 4470 „quod‚
2507 4402 2555 4455 si
2591 4405 2861 4456 statutum
2895 4401 3022 4471 Epi-

372 4478 522 4548 scopi
558 4496 590 4531 a
627 4478 778 4548 Papa
817 4480 1176 4544 confirmetur,
1217 4483 1273 4532 et
1309 4482 1637 4534 extendatur
1674 4482 1744 4535 ad
1778 4484 1953 4536 totam
1987 4480 2305 4544 Ecclesiam,
2344 4485 2487 4544 tunc,
2525 4485 2711 4552 utpote
2744 4481 2859 4552 jam
2884 4481 3020 4534 Pon·

370 4557 505 4610 tifici
543 4561 872 4625 arrogatum‚
911 4562 1060 4612 recte
1097 4558 1312 4613 dicatur
1350 4559 1583 4614 Canon“.
1656 4560 1824 4615 Porro
1862 4579 1895 4615 a
1934 4559 2187 4614 Conciliis
2224 4561 2568 4627 generalibus
2613 4564 2927 4615 Tridentino
2966 4564 3021 4613 et

372 4640 630 4691 Vaticano
667 4656 802 4692 voce
854 4656 1029 4692 canon
1067 4640 1421 4707 designantur
1457 4642 1652 4695 breves
1705 4641 2007 4695 sententiae
2023 4682 2036 4705 ,
2095 4640 2289 4709 quibus
2329 4642 2572 4696 doctrina
2609 4640 3019 4704 haereticorum,

373 4717 648 4771 doctrinae
687 4719 754 4772 ab
791 4718 903 4772 illis
943 4718 1197 4773 Conciliis
1236 4721 1489 4776 definitae
1527 4721 1814 4785 contraria,
1853 4721 2198 4775 anathemate
2238 4722 2538 4775 damnatur.
2615 4721 2724 4775 Cfr.
2765 4722 3018 4783 Aichner,

374 4797 762 4869 compendium
794 4798 935 4869 juris
973 4800 1120 4865 eccl„
1160 4802 1243 4854 ed.
1283 4801 1377 4855 VI.
1452 4800 1659 4855 Brixin.
1703 4802 1855 4866 1887,
1895 4819 1945 4870 Ρ.
1985 4801 2071 4854 22.
