3355 5328
438 347 545 404 118
1226 353 1365 408 Pars
1401 355 1468 408 Π.
1522 354 1879 410 collectiones
1916 356 2283 411 decretalium.

440 510 787 576 nonnullae
849 513 1302 578 tantummodo
1367 535 1453 579 ex
1514 520 1706 598 parte
1765 536 1808 581 a
1863 517 2139 583 rubricis
2202 516 2489 601 priorum
2542 515 3090 600 compilationum

441 608 749 676 differunt
777 607 818 675 ¹.
910 608 1227 691 Reliquae
1291 612 1592 679 rubricae
1656 635 1802 679 cum
1864 614 2139 680 rubricis
2201 615 2492 699 priorum
2546 613 3090 698 compilationum

439 706 700 771 omnino
749 711 1134 789 congruunt.

618 813 822 880 Porro
869 814 1220 881 nonnullae
1266 816 1566 883 rubricae
1610 817 1680 883 in
1724 818 1849 884 hac
1894 819 2363 903 compilatione
2412 822 2537 884 alio
2595 822 2721 885 loco
2783 839 2982 900 quam
3027 817 3093 881 in

439 911 764 996 prioribus
809 912 937 978 illis
981 912 1236 997 positae
1282 918 1437 980 sunt
1461 912 1506 981 ².

617 1019 1000 1085 Decretales
1018 1070 1032 1098 ,
1100 1020 1181 1085 de
1246 1021 1521 1087 diversis
1580 1022 1876 1089 materiis
1940 1027 2214 1105 agentes
2234 1075 2248 1102 ‚
2315 1024 2358 1089 J
2360 1044 2605 1089 oannes
2666 1021 2972 1088 calensis
3030 1020 3094 1085 in

438 1115 716 1182 totidem
773 1119 1000 1200 partes
1061 1117 1284 1183 divisit
1342 1122 1412 1184 et
1470 1119 1764 1201 singulas
1818 1124 2043 1204 partes
2087 1120 2155 1184 in
2201 1120 2478 1202 singulis
2525 1119 2850 1203 capitibus
2899 1117 3095 1183 collo-

442 1213 653 1292 cavit3
729 1235 898 1296 quae
963 1215 1181 1299 capita
1245 1219 1561 1298 tanquam
1627 1218 1712 1283 ad
1777 1238 1847 1283 se
1911 1218 2190 1283 invicem
2252 1217 2651 1303 pertinentia
2725 1214 3097 1297 designavit

437 1312 680 1396 partim
725 1333 908 1378 more
952 1313 1239 1399 auctoris
1285 1315 1677 1399 Appendicis
1723 1314 1989 1381 concilii
2032 1315 2499 1382 Lateranensis
2546 1314 2610 1397 (ἓ
2659 1315 2796 1397 55.)
2816 1364 2830 1393 ,
2895 1334 3094 1397 appo-

437 1410 650 1476 nendo
715 1410 965 1477 scilicet
1026 1410 1155 1476 illis
1218 1412 1540 1496 capitibus
1597 1435 1779 1479 voc.:
1833 1436 2000 1499 pars
2059 1417 2322 1499 capituli
2380 1413 2465 1480 N.
2493 1410 2540 1492 3,
2604 1412 2851 1498 partim
2916 1431 3096 1476 more

438 1510 641 1574 Alani
687 1506 750 1590 (ἓ
799 1508 933 1591 63.)
980 1513 1049 1575 et
1094 1510 1271 1574 Petri
1315 1511 1747 1577 Beneventani
1790 1509 1856 1592 (ξ
1904 1511 2071 1594 65),
2132 1512 2552 1595 praefigendo
2613 1510 2927 1577 videlicet
2971 1508 3096 1573 illis

441 1605 763 1689 capitibus
807 1605 1123 1673 initialem
1170 1608 1470 1673 voculam
1518 1608 1885 1688 decretam,
1938 1610 2119 1693 cujus
2164 1612 2346 1674 recte
2392 1609 2842 1692 fragmentum
2889 1607 2960 1672 in
3006 1606 3096 1671 eis

440 1702 729 1769 refertur
752 1705 798 1770 ⁴.

619 1809 1084 1893 Inscriptiones
1128 1811 1411 1894 plurium
1467 1813 1753 1896 capitum
1799 1814 2084 1879 Joannes
2133 1815 2428 1879 Galensis
2476 1812 2765 1880 correxit
2795 1815 2838 1878 ἦ
2936 1811 3094 1893 Item

442 1908 753 1972 nonnulla
813 1908 1032 1991 capita
1078 1929 1114 1974 e
1158 1909 1371 1975 titulis
1389 1959 1403 1987 ,
1464 1910 1532 1974 in
1592 1911 1824 1993 quibus
1884 1932 1925 1977 a
1981 1910 2307 1995 prioribus
2367 1911 2826 1978 collectoribus
2888 1908 3098 1993 posita

443 2009 652 2082 erant,
698 2005 768 2070 in
814 2006 998 2084 alios,
1044 2007 1257 2089 magis
1304 2027 1646 2089 congruos,
1694 2009 2100 2092 transposuit
2125 2009 2170 2075 ⁶.

443 2209 510 2261 de
560 2208 910 2262 conversione
946 2208 1268 2273 infidelium;
1319 2208 1410 2262 lib.
1448 2209 1516 2262 V.
1568 2209 1655 2263 tit.
1694 2209 1808 2263 21.:
1865 2211 1931 2263 de
1968 2210 2316 2264 veneratione
2354 2214 2693 2274 sanctorum,
2751 2213 2808 2263 et
2860 2208 2949 2263 tit.
2987 2207 3094 2261 22:

443 2288 510 2342 de
560 2288 919 2356 suffraganeis
974 2287 1163 2356 (recte.·
1219 2289 1315 2354 „de
1365 2289 1697 2356 suffmgiis‘,
1748 2289 1830 2343 uti
1880 2289 2044 2343 etiam
2093 2291 2150 2343 in
2199 2292 2311 2343 not.
2362 2307 2536 2356 marg.
2590 2290 2660 2343 ad
2697 2289 2845 2343 hunc
2883 2287 3091 2342 titulum

442 2369 765 2422 observatur
800 2368 884 2422 in:
928 2367 1202 2437 Antiquae
1241 2367 1598 2422 collectiones
1635 2369 2003 2423 Decretalium
2040 2388 2164 2424 cum
2199 2369 2326 2424 Ant.
2366 2369 2679 2437 Augustini,
2718 2368 2889 2439 episc.
2927 2367 3089 2428 Ilerd.‚

441 2448 621 2513 notis,
677 2449 759 2502 ed.
798 2449 960 2502 Ilerd.
1001 2449 1169 2513 1576,
1221 2448 1314 2502 fol.
1356 2449 1474 2502 124.
1497 2491 1510 2513 ,
1566 2452 1623 2502 et
1672 2449 1839 2503 etiam
1890 2468 1919 2503 e
1969 2467 2123 2520 capp.
2166 2450 2213 2503 1.
2253 2449 2302 2503 2.
2354 2449 2408 2502 h.
2445 2452 2487 2503 t.
2539 2448 2849 2517 colligitur,
2908 2447 3091 2516 quippe

443 2546 583 2597 quae
635 2529 701 2582 de
751 2527 1117 2598 persolutione
1168 2528 1424 2582 horarum
1470 2529 1851 2583 canonicarum
1901 2532 1957 2583 et
1993 2529 2355 2583 celebratione
2393 2547 2458 2582 ac
2494 2528 2772 2583 auditione
2809 2528 3089 2581 Missarum

442 2607 825 2679 praecipiant).
913 2607 1059 2673 Quos
1119 2609 1253 2661 duos
1306 2607 1496 2662 titulos
1550 2608 1743 2662 ultimo
1798 2612 2122 2663 memoratos
2175 2610 2389 2662 Schulte
2443 2608 2568 2677 (Die
2620 2607 2956 2663 creschichte
3009 2606 3091 2658 der

444 2689 688 2754 Quellen,
724 2691 854 2742 tom.
892 2688 933 2741 Ι.
972 2705 1023 2758 p.
1050 2689 1136 2743 89.
1174 2691 1283 2742 not.
1308 2687 1416 2755 15.)
1456 2688 1636 2743 minus
1672 2692 1820 2744 recte
1858 2689 1991 2743 dicit
2024 2689 2082 2742 in
2109 2689 2495 2743 collectionem
2532 2688 2894 2743 decretalium
2921 2688 3090 2757 Papae

451 2772 706 2836 Greyorii
743 2770 842 2821 IX.
881 2786 988 2821 non
1028 2767 1342 2833 transiisse,
1382 2786 1548 2837 quum
1585 2769 1915 2823 contrarium
1953 2769 2167 2823 eluceat
2204 2788 2233 2823 e
2271 2769 2450 2823 dictae
2488 2767 2829 2823 collectionis
2879 2767 2971 2821 lib.
3007 2765 3087 2819 m.

414 2855 426 2864 '
443 2848 531 2903 tit.
569 2849 686 2902 45.:
745 2849 841 2914 „de
877 2846 1123 2916 reliquiis
1175 2851 1231 2901 et
1266 2848 1616 2902 veneratione
1653 2848 2025 2914 Sanctorum&
2072 2853 2238 2918 atque
2288 2849 2375 2903 tit.
2413 2830 2532 2903 41.
2592 2850 2689 2915 ,(16
2741 2846 3090 2902 celebratione

443 2929 737 2982 Missarum
775 2931 833 2981 et
867 2926 1217 2981 Sacramento
1253 2927 1633 2983 Eucharistiae
1670 2931 1727 2982 et
1763 2928 1962 2983 divinis
1999 2929 2245 2983 officiis&

627 3019 645 3052 ¹
685 3016 794 3071 cfr.
832 3035 886 3070 v.
912 3034 965 3084 g.
993 3016 1177 3087 Comp.
1204 3017 1272 3070 ΙΙ.
1309 3017 1402 3071 lib.
1429 3018 1523 3071 III.
1561 3017 1648 3072 tit.
1675 3019 1725 3073 8.
1765 3036 1888 3072 611111
1927 3018 2107 3088 comp.
2137 3019 2230 3073 ΙΙΙ.
2271 3019 2364 3072 lib.
2391 3019 2486 3071 ΙΠ.
2526 3018 2612 3073 tit.
2644 3018 2727 3071 11.
2757 3022 2816 3071 et
2855 3018 3030 3085 Comp.
3052 3014 3087 3066 Ι.

442 3096 536 3151 lib.
575 3097 670 3151 III.
708 3096 795 3151 tit.
835 3097 915 3161 9.;
967 3096 1098 3149 item
1138 3096 1321 3167 comp.
1360 3097 1428 3151 II.
1466 3097 1558 3151 lib.
1598 3098 1640 3151 I.
1679 3098 1789 3152 titt.
1831 3100 1879 3151 7.
1919 3102 1975 3152 et
2011 3099 2060 3153 8.
2100 3116 2223 3152 cum
2264 3098 2447 3168 comp.
2487 3098 2583 3151 ΙΠ.
2621 3097 2715 3152 lib.
2757 3098 2798 3150 I.
2840 3096 2926 3151 tit.
2964 3098 3010 3151 9.
3044 3095 3092 3146 et

446 3178 630 3247 comp.
670 3178 712 3230 I.
750 3176 844 3231 lib.
883 3176 924 3230 I.
962 3176 1074 3230 titt.
1114 3178 1164 3230 6.
1204 3180 1261 3231 et
1297 3177 1346 3231 8.

625 3267 646 3301 ²
685 3266 804 3331 Qua
838 3265 1048 3320 ratione
1086 3284 1139 3319 v.
1178 3283 1231 3333 g.
1273 3265 1455 3335 Comp.
1493 3266 1588 3319 ΙΙΙ.
1640 3265 1731 3320 lib.
1770 3266 1863 3320 III.
1915 3265 2001 3320 tit.
2040 3267 2156 3320 31.:
2222 3267 2317 3332 „de
2370 3265 2712 3320 dedicatione
2751 3264 3091 3319 ecclesiarum

441 3348 533 3402 vel
571 3346 880 3410 altarium“‚
915 3345 1002 3399 tit.
1041 3346 1157 3400 33.:
1202 3346 1299 3411 „de
1335 3345 1696 3399 celebratione
1731 3346 1934 3399 Missae
1972 3348 2028 3399 et
2065 3350 2407 3400 sacramento
2432 3345 2821 3400 Eucharistiae
2859 3348 2916 3400 et
2951 3360 3091 3412 aqua,

441 3445 583 3497 quae
620 3426 795 3481 exivit
831 3427 896 3480 de
946 3426 1119 3479 latere
1158 3424 1412 3490 christi“,
1464 3428 1521 3480 et
1554 3424 1640 3478 tit.
1681 3425 1800 3479 34.:
1858 3426 1955 3491 „de
2003 3425 2273 3496 baptismo
2325 3429 2381 3479 et
2418 3425 2537 3496 ejus
2577 3426 2834 3489 effectu“,
2874 3454 2945 3463 —
2981 3425 3095 3477 sunt

440 3507 500 3560 in
537 3507 720 3576 Comp.
758 3507 829 3560 ΙΙ.
863 3505 956 3560 lib.
995 3506 1062 3559 V.
1099 3505 1186 3559 tit.
1225 3505 1340 3560 20.:
1399 3505 1496 3570 „de
1533 3504 1935 3558 consecratione
1972 3505 2236 3559 ecclesiae
2272 3506 2363 3559 vel
2403 3505 2649 3570 altaris“,
2702 3505 2790 3560 tit.
2833 3505 2956 3558 22.;
3011 3503 3093 3567 ,(16

442 3586 833 3654 suffraganeis“
884 3584 1232 3653 (suffragiis),
1271 3588 1329 3638 et
1362 3584 1448 3637 tit.
1491 3584 1602 3638 19.:
1649 3584 1744 3649 ,(16
1780 3584 2048 3654 baptismo
2086 3587 2425 3654 puerorum“.

626 3676 647 3710 ⁸
685 3674 802 3739 Qua
838 3674 1049 3728 ratione
1085 3692 1138 3727 v.
1178 3690 1231 3741 g.
1272 3671 1453 3742 Comp.
1494 3673 1560 3725 Π.
1614 3690 1658 3726 6.
1698 3673 1749 3725 4.
1790 3673 1854 3726 (16
1892 3690 1984 3737 eo,
2037 3673 2131 3742 qui
2168 3690 2323 3740 cogn.
2363 3674 2457 3727 IV.
2499 3676 2579 3737 7.,
2628 3673 2775 3742 quod
2815 3674 2989 3727 refert
3021 3671 3096 3724 de·

447 3754 709 3808 cretalem
752 3755 1031 3806 Coelestini
1056 3756 1186 3821 III.,
1225 3752 1569 3819 designatum
1606 3754 1693 3805 est
1730 3770 1829 3805 ceu
1872 3770 2028 3821 „pars
2065 3770 2182 3822 cap.
2210 3755 2490 3821 Martinus
2526 3754 2808 3822 Bertam“‚
2849 3752 2992 3822 quod
3025 3752 3099 3804 est

446 3851 493 3887 c.
537 3835 584 3886 1.
624 3833 690 3886 de
728 3835 941 3899 cognat.
981 3831 1156 3901 spirit.
1194 3831 1290 3885 IV.
1320 3833 1370 3885 6.
1407 3861 1479 3869 —
1514 3832 1654 3885 Item
1693 3831 1874 3902 comp.
1914 3833 1981 3886 H.
2020 3849 2066 3886 6.
2104 3851 2195 3887 1111.
2235 3834 2301 3886 (16
2340 3835 2553 3903 except.
2592 3833 2662 3887 II.
2706 3834 2792 3887 11.
2837 3833 3096 3898 (coelecti-

445 3929 553 3965 nus
590 3913 746 3976 III.),
785 3915 949 3979 atque
987 3929 1032 3964 6.
1071 3911 1120 3964 2.
1161 3910 1266 3975 Qui
1302 3911 1430 3965 cler.
1469 3911 1558 3964 vel
1596 3915 1816 3965 vovent.
1855 3911 1947 3966 IV.
1985 3914 2036 3965 4.
2076 3912 2364 3979 signantur
2400 3931 2565 3967 voce:
2606 3930 2781 3982 „pars
2814 3931 2864 3967 6.
2891 3913 3099 3967 Lauda·

448 3989 656 4057 bilem“,
696 3990 838 4057 quod
876 3993 961 4043 est
997 4007 1042 4042 6.
1083 3989 1132 4043 3.
1172 3990 1238 4042 (16
1276 3992 1490 4057 cognat.
1529 3989 1704 4059 spirit.
1743 3990 1836 4043 IV.
1876 3991 1925 4043 6.
1988 3990 2157 4044 Porro
2198 3991 2381 4061 comp.
2421 3992 2488 4045 II.
2530 4010 2575 4045 6.
2619 3992 2704 4045 14.
2747 3992 2817 4045 de
2856 3990 3096 4062 appellat.

447 4071 516 4124 ΙΙ.
559 4071 642 4124 19.
683 4071 1038 4135 (coelestinus
1075 4070 1212 4133 III.)
1253 4069 1570 4135 designatur
1607 4086 1705 4122 ceu
1750 4087 1905 4139 „pars
1943 4087 1988 4123 6.
2029 4073 2081 4123 A
2118 4072 2271 4124 nobis
2303 4073 2467 4139 fuist,
2521 4072 2666 4140 quod
2705 4075 2797 4126 est
2837 4090 2883 4126 c.
2927 4072 3005 4124 10.
3042 4068 3097 4120 de

447 4152 588 4204 sent.
616 4166 878 4202 excomm.
903 4147 971 4201 V.
1002 4148 1102 4212 18„
1141 4165 1423 4217 perperam
1447 4151 1632 4201 tamen
1665 4148 2016 4218 inscriptum:
2060 4151 2295 4203 Clemens
2319 4153 2446 4219 ΙΙΙ.,
2473 4169 2604 4220 pro:
2650 4152 2980 4204 Goelestinue
3003 4148 3095 4202 III.

451 4229 586 4298 (cfr.
625 4229 846 4281 Richter
881 4228 951 4281 ad
989 4244 1105 4296 cap.
1144 4226 1229 4280 21.
1269 4227 1334 4280 X.
1374 4228 1440 4281 de
1477 4230 1616 4281 sent.
1655 4245 1917 4282 excomm.
1956 4230 2021 4283 V.
2061 4230 2146 4283 39.
2185 4233 2296 4283 not.
2335 4230 2447 4297 24.)
2541 4235 2543 4237 ’

627 4319 652 4354 ⁴
686 4317 772 4370 Ita
808 4334 862 4370 v.
900 4332 953 4383 g.
992 4314 1343 4383 sequentibus
1380 4315 1677 4384 capitibus:
1730 4333 1845 4385 cap.
1884 4317 1934 4370 2.
1974 4318 2040 4370 (16
2078 4335 2323 4372 converS.
2362 4318 2510 4372 infid.
2550 4318 2647 4372 ΙΠ.
2686 4319 2778 4374 20.
2795 4361 2811 4384 ,
2864 4337 2911 4373 6.
2948 4319 2996 4371 2.
3033 4315 3098 4369 Ut

445 4397 544 4451 lite
580 4397 738 4467 pend.
777 4395 844 4449 II.
884 4397 934 4449 9.
974 4397 1030 4447 et
1067 4412 1112 4447 6.
1153 4394 1201 4447 3.
1242 4395 1307 4447 (16
1344 4395 1523 4485 frigid.
1563 4398 1619 4448 et
1655 4395 1837 4449 malef.
1877 4396 1970 4449 IV.
2010 4398 2091 4457 9.
2130 4414 2270 4466 quae
2306 4399 2554 4451 referunt
2590 4402 2784 4467 partes
2824 4395 3096 4453 decretalis

451 4478 732 4530 coelestini
769 4478 910 4528 HI..-
963 4475 1351 4542 Laudabilem,
1407 4474 1562 4544 cujus
1611 4474 1827 4529 initium
1875 4476 2110 4529 refertur
2159 4477 2217 4529 in
2268 4495 2386 4548 cap.
2441 4479 2489 4531 3.
2539 4479 2607 4532 de
2660 4483 2883 4546 cognat.
2936 4476 3093 4547 spirit.

446 4556 541 4609 IV.
581 4557 649 4618 6.,
686 4554 929 4623 praefixa
967 4556 1056 4606 est
1089 4570 1239 4606 voc.:
1297 4553 1721 4621 „Laudabilem“
1761 4557 1864 4608 etc.
1921 4554 2053 4622 (cfr.
2091 4558 2315 4609 Richter
2364 4558 2434 4611 ad
2471 4575 2517 4611 6.
2561 4558 2608 4611 1.
2648 4558 2717 4613 X.
2760 4560 2829 4613 de
2867 4571 3094 4613 convers.

445 4633 592 4687 infid.
631 4597 728 4687 ΙΙΙ.
767 4634 852 4688 33.
891 4636 1001 4687 not.
1042 4630 1117 4698 2.)

627 4724 648 4757 ⁵
686 4722 914 4790 Schulte,
938 4721 1040 4774 Die
1067 4719 1349 4789 compilat.
1371 4720 1612 4775 Gilberts
1635 4739 1688 4774 U.
1714 4721 1955 4786 Alanus',
1980 4722 2037 4775 in
2061 4723 2177 4777 citt.
2202 4725 2386 4779 relatt.
2413 4743 2550 4780 sess.
2577 4728 2711 4780 tom.
2728 4726 2897 4780 LXV.
2918 4744 2966 4819 p.
2987 4721 3095 4777 608

625 4810 647 4845 ⁶
686 4809 915 4877 Schulte,
942 4805 1053 4862 Die
1090 4807 1418 4863 creschichte
1455 4809 1551 4862 der
1588 4808 1831 4873 Quellen,
1867 4812 1996 4864 tom.
2035 4812 2075 4865 1.
2115 4830 2167 4881 p.
2208 4814 2293 4868 89.
2367 4827 2372 4833 ·
