3355 5328
379 283 448 338 36
1270 285 1406 339 Pars
1444 286 1484 338 Ι.
1537 260 1829 339 Decretum
1867 283 2132 338 Gratiani.

559 443 736 509 Citat
783 448 1004 509 autem
1053 467 1166 511 eas
1218 448 1273 513 1.
1325 468 1658 531 expresse,
1708 448 1828 512 sub
1875 446 2137 511 nomine
2184 468 2446 529 causae,
2497 448 2696 528 atque
2741 448 2850 511 vel
2897 468 3044 512 cum

378 541 774 622 allegatione
819 541 993 608 illius
1040 564 1276 609 causae
1324 548 1674 610 initialium
1722 567 1936 610 vocum
1971 546 2009 622 ¹,
2075 544 2184 609 vel
2232 565 2378 608 cum
2428 544 2863 629 desiy'natione
2907 568 3042 610 ma-

380 643 582 705 teriae
627 639 693 705 in
740 640 854 705 illa
900 662 1100 707 causa
1145 646 1477 708 tractatae
1499 641 1544 709 ².

560 741 619 804 2.
668 738 1007 804 Interdum
1041 740 1413 818 GratianuS‚
1466 741 1616 805 dum
1649 762 1883 806 causas
1916 739 2098 818 citat,
2144 740 2288 804 loco
2328 740 2542 805 vocis:
2592 762 2789 805 causa
2836 740 3046 807 utitur

380 856 575 900 voce:
624 839 845 901 titulus
864 832 909 902 ³.

563 999 578 1028 ¹
618 994 703 1048 Ita
754 1013 808 1049 v.
848 1012 901 1063 g.
954 995 1009 1049 in
1061 995 1092 1061 ἓ
1132 996 1292 1047 Hanc
1329 997 1737 1048 distinctionem,
1792 995 1841 1049 2.
1881 993 2013 1048 dicti
2064 993 2149 1047 sui
2199 997 2324 1064 post
2374 1012 2419 1047 c.
2459 994 2545 1047 24.
2600 993 2657 1047 Ο.
2695 993 2789 1047 XI.
2844 1011 2935 1062 qu.
2975 993 3045 1059 3.,

381 1074 628 1128 alludens
664 1074 722 1127 in
759 1074 939 1144 specie
977 1076 1046 1128 ad
1084 1092 1129 1128 c.
1173 1074 1255 1127 12.
1297 1073 1352 1127 C.
1392 1074 1486 1128 III.
1527 1092 1617 1142 qu.
1642 1074 1712 1138 4.,
1751 1073 1888 1128 citat
1924 1091 2146 1128 causam
2183 1074 2279 1126 111.
2318 1073 2530 1127 dicens:
2577 1072 2841 1142 „Require
2879 1090 3046 1143 supra

377 1155 435 1208 in
472 1172 666 1208 causa:
719 1157 954 1220 Quidam
992 1158 1265 1222 episcopus
1301 1172 1336 1206 a
1367 1158 1602 1223 propria
1639 1157 1758 1208 sede
1794 1153 2070 1222 dejectu-ss
2111 1184 2177 1192 --
2217 1153 2423 1207 Ibidem
2460 1171 2761 1224 provocans
2799 1155 2868 1207 ad
2906 1171 2952 1207 c.
2992 1154 3044 1207 2.

385 1235 442 1288 C.
482 1236 548 1289 V.
591 1253 640 1303 q.
682 1236 763 1299 2.,
811 1235 1017 1302 allegat
1055 1234 1112 1288 C.
1150 1234 1217 1288 V.
1256 1233 1470 1288 verbis:
1533 1234 1799 1303 „Require
1837 1252 2002 1305 supra
2038 1233 2095 1286 in
2133 1251 2331 1288 causa:
2385 1236 2452 1287 In
2489 1236 2727 1300 infamia
2764 1236 3047 1300 cujusdam

384 1316 662 1383 episcopi.“
706 1344 775 1352 —
815 1315 877 1367 In
914 1315 946 1381 ἓ
985 1318 1161 1368 Juaeta
1197 1318 1380 1382 iqitur.
1423 1315 1471 1368 3.
1512 1314 1665 1368 citati
1705 1314 1836 1368 dicti
1873 1318 1996 1385 post
2033 1331 2079 1367 c.
2107 1315 2192 1368 24.
2234 1313 2291 1368 C.
2328 1314 2421 1367 XI.
2461 1332 2549 1382 qu.
2578 1315 2646 1377 3.,
2685 1314 2934 1368 alludens
2974 1314 3044 1367 ad

379 1413 425 1449 c.
453 1395 539 1449 29.
568 1394 626 1448 Ο.
653 1395 824 1448 XVII.
853 1412 941 1462 qu.
974 1395 1045 1459 4.,
1084 1394 1221 1448 citat
1246 1394 1304 1448 O.
1330 1394 1502 1448 XVII.
1530 1394 1744 1448 verbis:
1790 1396 1896 1460 „Ut
1931 1394 2074 1447 infra
2111 1394 2167 1447 in
2204 1412 2397 1448 causa:
2443 1396 2677 1459 Quidam
2702 1396 3035 1462 presbyter.“

379 1505 449 1512 —
487 1475 624 1528 Item
661 1474 717 1526 in
755 1474 846 1528 cit.
886 1474 1011 1528 dict.
1052 1474 1084 1540 ἓ
1124 1477 1276 1527 Illud
1312 1484 1502 1528 autem.
1540 1476 1610 1538 4.,
1647 1475 1706 1528 in
1743 1478 1922 1528 mente
1961 1474 2167 1528 habens
2204 1493 2250 1529 c.
2278 1475 2326 1527 3.
2369 1473 2425 1527 G.
2465 1474 2558 1527 VI.
2599 1492 2688 1542 qu.
2727 1475 2795 1539 2.,
2835 1474 3044 1541 allegat

380 1554 437 1609 G.
476 1555 588 1619 VI.,
628 1554 841 1608 dicens:
904 1554 1170 1623 „Require
1207 1573 1372 1626 supra
1422 1555 1478 1608 in
1517 1572 1711 1609 causa:
1765 1558 1889 1608 Duo
1925 1557 2286 1621 fornicatores
2335 1562 2381 1606 et
2418 1557 2654 1621 infamia
2705 1555 2926 1607 notati.“
2970 1584 3042 1591 —

378 1635 441 1689 In
479 1634 622 1689 dicto
659 1638 783 1705 post
819 1653 863 1689 c.
891 1635 976 1690 26.
1018 1634 1074 1688 C.
1102 1635 1193 1688 XI.
1235 1653 1324 1704 qu.
1352 1636 1419 1696 3..
1458 1635 1708 1689 alludens
1746 1637 1813 1689 ad
1841 1653 1885 1689 c.
1915 1636 1963 1689 3.
2005 1634 2061 1688 G.
2099 1634 2297 1688 XXIV.
2337 1652 2426 1702 qu.
2454 1634 2522 1699 2.,
2562 1634 2699 1688 citat
2738 1634 2794 1688 G.
2822 1634 3041 1697 XXIV„

380 1716 592 1770 dicens:
652 1715 829 1780 „Infra
866 1714 923 1768 in
960 1733 1154 1769 causa:
1213 1718 1443 1781 Quidam
1481 1719 1755 1784 episcopus
1790 1720 1851 1769 in
1887 1718 2148 1768 haeresim
2186 1717 2414 1783 lapsu3.“
2458 1744 2527 1752 —
2565 1715 2733 1768 Porro
2770 1714 2829 1767 in
2865 1714 2897 1780 ἓ
2937 1717 3044 1768 His

380 1801 459 1850 ita
496 1799 862 1865 respondetur.
906 1796 952 1851 1.
993 1796 1122 1850 dicti
1160 1796 1247 1849 sui
1282 1799 1406 1866 post
1442 1814 1487 1850 c.
1530 1797 1611 1850 13.
1654 1796 1711 1850 G.
1750 1796 1870 1850 XV.
1911 1804 2008 1865 qu.
2042 1796 2118 1859 1.,
2170 1795 2467 1866 respiciens
2505 1795 2574 1849 ad
2612 1813 2657 1849 c.
2700 1795 2781 1849 14.
2824 1794 2880 1849 O.
2912 1795 3042 1860 VII.

381 1895 469 1946 qu.
512 1877 584 1941 1.,
632 1876 767 1930 citat
805 1876 861 1930 O.
900 1877 1019 1930 VII.
1058 1876 1145 1929 his
1182 1876 1394 1930 verbis:
1455 1877 1561 1942 „Ut
1598 1894 1763 1947 supra
1809 1877 1865 1930 in
1903 1894 2096 1930 causa:
2156 1878 2347 1943 Lonya
2385 1877 2747 1928 invaletudine
2780 1883 3042 1942 ⁴aravatius

383 1956 710 2025 episcopua.“

559 2038 622 2090 In
672 2036 1073 2108 exemplaribus
1124 2036 1343 2091 Decreti
1393 2037 1674 2108 impressis
1726 2036 2032 2108 hujusmodi
2084 2036 2328 2091 citationi
2379 2053 2667 2097 causarum
2719 2035 3044 2103 quandoque

381 2117 547 2171 etiam
584 2135 840 2171 numerus
876 2116 1157 2187 appositus
1194 2120 1295 2182 est,
1342 2117 1497 2186 isque
1533 2135 1774 2181 numere,
1814 2134 1974 2185 quem
2009 2115 2105 2169 illa
2143 2134 2308 2170 causa
2342 2133 2485 2169 nunc
2524 2115 2681 2183 gerit,
2721 2132 3042 2182 congruens.

379 2198 463 2251 Ita
499 2197 557 2250 in
593 2197 626 2263 ἓ
664 2200 977 2266 Aliquando
1015 2202 1170 2250 enim.
1222 2199 1268 2251 1.
1309 2197 1439 2252 dicti
1477 2200 1600 2268 post
1650 2215 1695 2251 c.
1737 2198 1822 2250 24.
1878 2196 1934 2250 Ο.
1974 2196 2066 2250 XI.
2120 2214 2210 2265 qu.
2250 2198 2331 2261 3.,
2381 2196 2476 2249 ubi
2526 2213 2648 2249 cum
2697 2194 2923 2266 speciali
2960 2214 3042 2249 re-

380 2281 571 2347 spectu
622 2277 691 2331 ad
743 2295 788 2331 c.
830 2278 914 2331 32.
966 2278 1031 2331 D.
1070 2279 1111 2332 I.
1166 2279 1231 2331 de
1268 2277 1466 2347 poenit.
1521 2276 1721 2331 citatur
1760 2276 1817 2330 C.
1857 2276 2107 2330 XXXIII.
2159 2275 2247 2330 his
2298 2275 2510 2329 verbis:
2580 2274 2847 2342 „Require
2899 2274 3044 2327 infra

381 2375 548 2412 causa
585 2357 836 2412 XXXIII.
876 2360 1159 2424 Maleficiis
1195 2360 1526 2426 impeditus.“
1572 2387 1636 2394 —
1679 2358 1816 2410 Item
1867 2357 1923 2409 in
1975 2357 2007 2423 ἕ
2047 2359 2208 2409 Hanc
2244 2359 2649 2409 distinctionem,
2689 2356 2739 2409 2.
2779 2355 2872 2409 cit.
2911 2355 3046 2409 dicti

386 2438 533 2509 (post
582 2456 625 2492 c.
667 2438 752 2491 24.
808 2438 865 2492 C.
905 2438 997 2492 XI.
1051 2456 1139 2506 qu.
1180 2438 1288 2506 3.),
1339 2438 1460 2502 ubi,
1512 2437 1849 2508 respiciendo
1888 2438 1957 2491 ad
1994 2455 2039 2491 c.
2080 2438 2164 2490 21.
2207 2436 2263 2490 G.
2302 2437 2475 2490 XVII.
2516 2454 2604 2504 qu,
2642 2436 2725 2500 4.,
2771 2435 3046 2503 allegatur

385 2519 442 2573 O.
481 2518 656 2572 XVII.
696 2517 903 2572 verbis:
959 2518 1222 2587 „Require
1260 2518 1401 2572 infra
1438 2518 1496 2571 in
1533 2536 1699 2572 causa
1736 2518 1909 2571 XVII.
1980 2520 2210 2583 Quidam
2239 2519 2519 2585 presbyter
2564 2519 2881 2582 infirmitate
2912 2534 3044 2584 yra-

380 2600 580 2652 vatu8.“
660 2597 919 2651 Attamen
955 2598 1013 2650 hi
1048 2597 1260 2652 numeri
1296 2616 1401 2651 non
1440 2616 1471 2652 a
1511 2597 1773 2652 Gratiano
1811 2596 2062 2669 appositi,
2102 2598 2198 2651 sed
2237 2598 2453 2651 demum
2489 2600 2615 2668 post
2651 2614 2790 2661 eum,
2829 2596 2896 2650 ab
2936 2595 3047 2649 edi-

378 2680 588 2735 toribus
625 2678 845 2733 Decreti
868 2721 880 2742 ‚
932 2679 1134 2750 adjecti
1169 2682 1312 2732 sunt.
1383 2679 1575 2733 Refert
1624 2679 1770 2733 enim
1810 2681 2071 2732 Sicardus
2113 2681 2479 2732 Cremonensis
2522 2678 2577 2746 (†
2618 2678 2778 2746 1215)
2834 2677 2892 2732 in
2923 2695 3044 2751 ‘sua

384 2763 605 2815 Summa
641 2759 886 2822 Decreti‚
942 2758 1262 2812 Gratianum
1301 2777 1495 2813 causas
1532 2777 1639 2813 non
1674 2759 1916 2813 numeris
1933 2801 1946 2822 ,
1990 2759 2085 2813 sed
2125 2777 2157 2812 a
2193 2757 2474 2829 principiis
2512 2776 2698 2812 earum
2736 2758 3044 2812 denomina-

380 2841 529 2896 visse
572 2839 738 2910 (apud
777 2841 1002 2907 Schiche,
1041 2840 1145 2892 Zur
1183 2838 1510 2893 Geschichte
1548 2839 1644 2893 der
1681 2839 1957 2892 Literatur
1993 2839 2127 2892 iiber
2165 2840 2262 2892 das
2300 2839 2502 2893 Decret
2527 2838 2800 2892 Gratians.
2852 2838 3045 2892 Erster

380 2921 637 2988 Beitrag,
693 2920 752 2972 in
789 2919 904 2972 citt.
943 2919 1126 2973 relatt.
1168 2936 1303 2973 sess.
1341 2922 1471 2972 tom.
1510 2919 1701 2973 LXIII.
1755 2938 1805 2989 p.
1845 2918 1990 2986 238.)
2070 2919 2131 2972 Id
2170 2918 2313 2987 quod
2350 2918 2517 2972 etiam
2556 2916 2922 2986 antiquissimi
2959 2935 3045 2971 co-

382 3002 529 3055 dices
566 3018 695 3053 11188.
735 2999 955 3053 Decreti
1006 2999 1357 3069 comprobant
1373 3041 1385 3062 ‚
1436 2999 1493 3052 in
1531 2999 1728 3068 quibus
1778 2999 1859 3052 illi
1909 2999 2120 3052 numeri
2169 3000 2233 3052 de
2270 2999 2463 3066 regula
2502 2999 2697 3052 desunt
2713 3041 2724 3063 ,
2778 3001 2833 3051 et
2869 2997 3046 3052 sicubi

381 3083 594 3143 adsunt,
634 3081 848 3133 demum
887 3097 919 3133 a
956 3079 1146 3132 seriori
1183 3097 1347 3132 manu
1385 3078 1553 3133 additi
1592 3083 1648 3133 et
1685 3097 1850 3149 supra
1875 3079 2074 3133 lineam
2113 3078 2276 3148 positi
2313 3081 2457 3143 sunt,
2495 3078 2577 3131 uti
2612 3077 2931 3132 nominatim
2968 3077 3044 3131 lo·

383 3180 504 3215 cum
551 3160 717 3214 habet
760 3159 818 3213 in
869 3177 914 3213 c.
953 3178 996 3213 r.
1049 3159 1407 3213 bibliothecae
1459 3159 1682 3230 palatin.
1757 3159 2190 3213 Vindobonensis
2242 3159 2424 3213 codice
2474 3176 2575 3212 1118.
2626 3158 2722 3212 lat.
2774 3176 2827 3211 n.
2866 3157 3046 3222 2131„

382 3242 603 3295 membr.
655 3259 725 3294 ex
777 3257 917 3294 saec.
958 3239 1105 3292 XIII.
1144 3239 1248 3293 inc.
1306 3239 1413 3293 Cfr.
1453 3242 1750 3308 Friedbery
1795 3241 1864 3293 ad
1915 3240 1947 3306 ἕ
1989 3241 2035 3293 1.
2090 3239 2217 3293 dict.
2258 3238 2410 3293 Grat.
2449 3240 2573 3309 post
2624 3255 2670 3292 c.
2710 3238 2795 3291 24.
2851 3237 2907 3291 C.
2947 3237 3043 3291 XI.

383 3341 472 3391 qu.
513 3323 561 3376 3.
600 3323 709 3374 not.
751 3320 871 3374 317.
912 3323 969 3374 et
1004 3322 1115 3372 not.
1156 3320 1277 3373 322.

560 3400 579 3433 ²
619 3400 709 3454 Sic
746 3400 802 3452 in
835 3399 1088 3466 §Verum
1114 3402 1417 3468 principia.
1458 3400 1589 3454 dicti
1626 3401 1697 3454 ad
1723 3418 1767 3453 c.
1791 3401 1839 3453 6.
1878 3400 1942 3453 D.
1976 3399 2202 3453 XXXII.
2242 3397 2380 3452 citat
2418 3398 2560 3463 o.1.,
2600 3398 2813 3451 dicens:
2860 3396 3048 3462 „Sicut

380 3483 718 3550 subsequens
773 3497 938 3533 causa
990 3483 1410 3532 simoniacorum
1466 3480 1815 3533 demonstrat.
1827 3482 1847 3505 ‘⁴
1926 3480 2063 3533 Item
2118 3478 2176 3531 in
2226 3496 2325 3531 suo
2373 3477 2515 3531 dicto
2569 3478 2670 3531 sub
2706 3478 2870 3531 finem
2906 3495 2953 3531 c.
2996 3479 3047 3531 1.

380 3563 443 3615 D.
482 3561 647 3614 LXII.
700 3560 923 3613 eandem
963 3559 1020 3612 C.
1060 3559 1102 3613 I.
1142 3558 1278 3613 citat
1313 3559 1397 3612 his
1435 3559 1645 3613 verbis:
1707 3560 1812 3624 „Ut
1847 3559 1989 3612 infra
2026 3558 2082 3612 in
2119 3576 2285 3613 causa
2320 3561 2755 3611 simoniacorum.
2766 3559 2787 3583 “
2868 3557 3046 3647 Quam

381 3641 606 3695 eandem
645 3656 864 3693 causam
902 3638 957 3691 in
995 3637 1028 3706 ἓ
1066 3641 1173 3692 His
1209 3642 1287 3691 ita
1324 3641 1689 3707 respondetur.
1735 3639 1779 3691 1.
1821 3638 1952 3692 dicti
1973 3641 2114 3728 'post
2150 3656 2195 3691 c.
2239 3638 2285 3691 1.
2327 3637 2383 3690 C.
2423 3637 2568 3706 XIV.
2608 3654 2698 3705 qu.
2741 3636 2820 3699 1.,
2873 3636 3046 3706 respi-

381 3721 529 3775 ciens
566 3721 636 3773 ad
674 3737 719 3773 c.
747 3720 795 3772 9.
838 3718 894 3772 C.
934 3719 974 3773 Ι.
1015 3736 1104 3788 qu.
1132 3719 1201 3782 2.,
1240 3718 1376 3772 citat
1412 3718 1620 3772 verbis·
1667 3717 1932 3786 „Require
1969 3717 2027 3770 in
2064 3735 2229 3771 causa
2267 3716 2400 3787 ejuS‚
2440 3734 2472 3770 a
2511 3734 2615 3784 quo
2653 3735 2749 3786 pro
2786 3716 3047 3784 ingressu

381 3799 699 3854 monasterii
750 3798 978 3869 pecunia
1031 3798 1401 3866 exigebatur.
1480 3798 1648 3852 Porro
1699 3798 1757 3851 in
1808 3797 1951 3852 dicto
2006 3800 2131 3868 post
2182 3815 2226 3851 c.
2265 3815 2353 3850 un
2394 3797 2458 3850 D
2500 3796 2583 3850 CI.
2638 3798 2864 3851 eandem
2904 3795 3046 3851 G.1.

383 3882 590 3948 allegat
627 3880 714 3933 his
752 3878 964 3933 verbis:
1024 3878 1251 3944 „Causa
1284 3878 1585 3932 adducatur
1620 3878 1687 3934 in
1714 3877 1980 3942 medium,
2032 3877 2188 3948 cujus
2223 3876 2503 3943 negotium
2541 3880 2598 3930 et
2635 3877 2700 3930 de
2738 3877 2975 3931 scienter
3012 3895 3050 3931 a

382 3959 692 4015 simoniacis
729 3958 1008 4022 ordinatiS,
1048 3962 1102 4012 et
1142 3959 1207 4011 de
1244 3958 1558 4025 ignoranter
1595 3976 1627 4011 a
1664 3957 1974 4011 simoniacis
2013 3956 2361 4020 consecratiS,
2401 3960 2457 4010 et
2495 3958 2559 4010 de
2598 3956 3047 4022 ordinationibUS,

384 4059 522 4111 quae
560 4058 657 4111 per
693 4038 950 4110 pecunias
1000 4039 1163 4102 fiunt,
1217 4038 1537 4092 contineat.“
1580 4067 1651 4076 —
1687 4038 1892 4091 Eadem
1942 4036 2152 4090 ratione
2202 4036 2260 4090 in
2297 4035 2441 4090 dicto
2479 4040 2603 4106 post
2639 4054 2684 4090 c.
2727 4037 2809 4090 19.
2853 4035 2909 4090 C.
2951 4037 3048 4092 VI.

383 4140 471 4191 qu.
516 4122 579 4185 1.,
618 4120 865 4174 alludens
902 4118 957 4171 in
994 4118 1175 4189 specie
1214 4120 1282 4172 ad
1321 4118 1377 4172 C.
1418 4118 1484 4171 ΙΙ.
1526 4136 1614 4187 qu.
1655 4120 1722 4182 7.,
1761 4117 1897 4171 citat
1935 4116 1992 4170 C.
2032 4116 2117 4182 II.,
2158 4116 2370 4170 dicens:
2426 4117 2533 4181 „Ut
2569 4134 2734 4186 supra
2772 4116 3048 4187 patuitin

383 4220 447 4256 ea
485 4218 650 4255 causa
667 4243 678 4264 ,
729 4198 822 4252 ubi
860 4199 924 4251 de
961 4197 1307 4252 accusatione
1343 4197 1609 4251 minorum
1647 4198 1911 4251 adversus
1948 4196 2182 4266 majores
2234 4196 2568 4267 disputatum
2621 4198 2753 4250 est.“
2797 4225 2868 4234 —
2904 4196 3049 4250 Item

381 4283 439 4336 in
476 4282 619 4335 dicto
658 4281 725 4333 ad
764 4297 809 4333 c.
854 4279 899 4332 1.
940 4278 997 4332 C.
1036 4277 1183 4331 XIII.
1226 4296 1313 4346 qu.
1352 4279 1420 4342 2.,
1460 4278 1707 4331 aHudens
1744 4278 1813 4331 ad
1851 4277 1907 4331 C.
1946 4277 2094 4330 XVI.
2134 4295 2221 4345 qu.
2259 4278 2329 4341 4.,
2368 4276 2504 4330 citat
2542 4276 2598 4330 C.
2639 4276 2784 4330 XVI.
2823 4275 3045 4330 verbis:

390 4363 482 4429 „In
520 4379 686 4416 causa
723 4359 1155 4413 monachorum.“

563 4444 583 4477 ⁸
620 4442 705 4494 Ita
754 4458 809 4494 v.
848 4456 900 4506 g.
953 4457 1034 4508 pr.
1074 4438 1205 4492 dicti
1251 4438 1337 4491 sui
1388 4440 1512 4509 post
1562 4456 1606 4491 c.
1646 4438 1732 4492 25.
1790 4437 1846 4491 C.
1885 4438 2057 4491 XXV.
2109 4455 2198 4505 qu.
2237 4438 2319 4502 2.‚
2376 4437 2623 4491 alludens
2658 4436 2717 4490 in
2754 4435 2936 4506 specie
2974 4438 3051 4491 ad

384 4541 429 4576 c.
467 4523 554 4576 44.
609 4520 666 4574 O.
703 4520 824 4574 VII.
879 4537 967 4588 qu.
1010 4518 1087 4582 1.,
1140 4518 1277 4572 citat
1315 4518 1371 4571 O.
1411 4518 1532 4571 VII.
1572 4518 1784 4571 verbis:
1845 4517 2028 4582 „Sicut
2064 4535 2229 4587 supra
2274 4517 2330 4570 in
2367 4517 2452 4570 tit.
2493 4517 2559 4571 de
2595 4516 2896 4570 mutatione
2934 4516 3051 4586 epi-

384 4619 667 4673 scoporum
703 4601 764 4654 B.
805 4598 1102 4666 Gregorius
1139 4597 1339 4652 fecisse
1376 4598 1626 4666 legitur.“
1694 4597 1898 4651 Eadem
1937 4596 2146 4650 ratione
2182 4596 2240 4649 in
2283 4596 2372 4650 cit.
2414 4596 2540 4650 dict.
2579 4595 2613 4663 ἓ
2653 4598 2757 4650 Sed
2793 4597 3053 4663 objicitur

384 4685 523 4736 illaad
561 4682 881 4749 Symmachi.
925 4680 972 4733 1.
990 4721 1003 4744 ,
1055 4678 1352 4748 respiciens
1390 4679 1459 4732 ad
1496 4677 1907 4741 auctoritatem,
1959 4676 2017 4729 in
2054 4693 2099 4729 c.
2139 4676 2224 4729 61.
2278 4676 2336 4731 C.
2375 4676 2519 4730 XVI.
2575 4694 2663 4744 qu.
2706 4676 2753 4729 1.
2791 4675 3049 4741 relatam,

385 4763 590 4829 allegat
629 4760 684 4815 C.
723 4760 868 4813 XVI.
908 4758 1121 4813 verbis:
1168 4757 1371 4829 „Supra
1411 4757 1469 4813 in
1503 4758 1589 4812 tit.
1630 4757 1697 4811 de
1735 4755 2060 4810 alienatione
2095 4773 2277 4809 rerum
2315 4755 2858 4811 ecclesiasticarum*
