<?xml version="1.0" encoding="UTF-8"?>
<!DOCTYPE html PUBLIC "-//W3C//DTD XHTML 1.0 Transitional//EN"
    "http://www.w3.org/TR/xhtml1/DTD/xhtml1-transitional.dtd">
<html xmlns="http://www.w3.org/1999/xhtml" xml:lang="en" lang="en">
 <head>
  <title>
</title>
<meta http-equiv="Content-Type" content="text/html;charset=utf-8" />
  <meta name='ocr-system' content='tesseract 3.04.00' />
  <meta name='ocr-capabilities' content='ocr_page ocr_carea ocr_par ocr_line ocrx_word'/>
</head>
<body>
  <div class='ocr_page' id='page_1' title='image "./introductioinco00laurgoog_0214.png"; bbox 0 0 3355 5328; ppageno 0'>
   <div class='ocr_carea' id='block_1_1' title="bbox 324 278 2181 336">
    <p class='ocr_par' dir='ltr' id='par_1_1' title="bbox 324 278 2181 336">
     <span class='ocr_line' id='line_1_1' title="bbox 324 278 2181 336; baseline 0.002 -4"><span class='ocrx_word' id='word_1_1' title='bbox 324 278 428 333; x_wconf 87' lang='lat'>184</span> <span class='ocrx_word' id='word_1_2' title='bbox 1117 279 1256 333; x_wconf 89' lang='lat' dir='ltr'>Pars</span> <span class='ocrx_word' id='word_1_3' title='bbox 1292 280 1361 334; x_wconf 91' lang='grc' dir='ltr'>ΙΙ.</span> <span class='ocrx_word' id='word_1_4' title='bbox 1418 279 1778 335; x_wconf 84' lang='lat' dir='ltr'>Collectiones</span> <span class='ocrx_word' id='word_1_5' title='bbox 1814 281 2181 336; x_wconf 73' lang='lat' dir='ltr'>decretalium.</span> 
     </span>
    </p>
   </div>
   <div class='ocr_carea' id='block_1_2' title="bbox 306 437 2984 1980">
    <p class='ocr_par' dir='ltr' id='par_1_2' title="bbox 306 437 2984 1980">
     <span class='ocr_line' id='line_1_2' title="bbox 317 437 2983 527; baseline 0.003 -25"><span class='ocrx_word' id='word_1_6' title='bbox 317 437 478 522; x_wconf 89' lang='lat' dir='ltr'>ipsis</span> <span class='ocrx_word' id='word_1_7' title='bbox 523 441 736 506; x_wconf 91' lang='lat' dir='ltr'>teneri</span> <span class='ocrx_word' id='word_1_8' title='bbox 765 441 807 520; x_wconf 86' lang='lat'>¹,</span> <span class='ocrx_word' id='word_1_9' title='bbox 871 461 1123 524; x_wconf 89' lang='lat' dir='ltr'>quaeve</span> <span class='ocrx_word' id='word_1_10' title='bbox 1185 441 1499 507; x_wconf 89' lang='lat' dir='ltr'>deberent</span> <span class='ocrx_word' id='word_1_11' title='bbox 1556 440 1626 507; x_wconf 93' lang='lat' dir='ltr'>in</span> <span class='ocrx_word' id='word_1_12' title='bbox 1680 446 2018 526; x_wconf 88' lang='lat' dir='ltr'>posterum</span> <span class='ocrx_word' id='word_1_13' title='bbox 2062 444 2344 510; x_wconf 81' lang='lat' dir='ltr'>refutari</span> <span class='ocrx_word' id='word_1_14' title='bbox 2369 442 2415 523; x_wconf 79' lang='lat'>²,</span> <span class='ocrx_word' id='word_1_15' title='bbox 2477 444 2699 527; x_wconf 88' lang='lat' dir='ltr'>gratia</span> <span class='ocrx_word' id='word_1_16' title='bbox 2744 446 2983 511; x_wconf 87' lang='lat' dir='ltr'>suffra-</span> 
     </span>
     <span class='ocr_line' id='line_1_3' title="bbox 317 538 2982 628; baseline 0.003 -25"><span class='ocrx_word' id='word_1_17' title='bbox 317 541 521 618; x_wconf 86' lang='lat' dir='ltr'>gante</span> <span class='ocrx_word' id='word_1_18' title='bbox 568 538 788 605; x_wconf 90' lang='lat' dir='ltr'>divina</span> <span class='ocrx_word' id='word_1_19' title='bbox 833 562 952 624; x_wconf 91' lang='lat' dir='ltr'>pro</span> <span class='ocrx_word' id='word_1_20' title='bbox 1000 539 1290 605; x_wconf 86' lang='lat' dir='ltr'>utilitate</span> <span class='ocrx_word' id='word_1_21' title='bbox 1336 540 1596 623; x_wconf 91' lang='lat' dir='ltr'>publica</span> <span class='ocrx_word' id='word_1_22' title='bbox 1643 541 2164 608; x_wconf 78' lang='lat' dir='ltr'>desiderabiliter</span> <span class='ocrx_word' id='word_1_23' title='bbox 2210 544 2602 609; x_wconf 89' lang='lat' dir='ltr'>affectantes</span> <span class='ocrx_word' id='word_1_24' title='bbox 2620 593 2634 622; x_wconf 94' lang='lat'><strong>,</strong></span> <span class='ocrx_word' id='word_1_25' title='bbox 2697 565 2820 628; x_wconf 92' lang='lat' dir='ltr'>per</span> <span class='ocrx_word' id='word_1_26' title='bbox 2862 565 2982 610; x_wconf 91' lang='lat' dir='ltr'>ve-</span> 
     </span>
     <span class='ocr_line' id='line_1_4' title="bbox 315 635 2979 725; baseline 0.003 -25"><span class='ocrx_word' id='word_1_27' title='bbox 315 635 642 702; x_wconf 89' lang='lat' dir='ltr'>nerabiles</span> <span class='ocrx_word' id='word_1_28' title='bbox 687 637 932 704; x_wconf 85' lang='lat' dir='ltr'>fratres</span> <span class='ocrx_word' id='word_1_29' title='bbox 978 641 1240 704; x_wconf 89' lang='lat' dir='ltr'>nostros</span> <span class='ocrx_word' id='word_1_30' title='bbox 1289 638 1704 705; x_wconf 86' lang='lat' dir='ltr'>Guilielmum</span> <span class='ocrx_word' id='word_1_31' title='bbox 1722 689 1737 717; x_wconf 99' lang='lat'><strong>,</strong></span> <span class='ocrx_word' id='word_1_32' title='bbox 1792 639 2374 725; x_wconf 76' lang='lat' dir='ltr'>Archiepiscopum</span> <span class='ocrx_word' id='word_1_33' title='bbox 2418 642 2979 721; x_wconf 89' lang='lat' dir='ltr'>Ebrudunensem,</span> 
     </span>
     <span class='ocr_line' id='line_1_5' title="bbox 315 734 2984 822; baseline 0.003 -24"><span class='ocrx_word' id='word_1_34' title='bbox 315 736 387 798; x_wconf 89' lang='lat' dir='ltr'>et</span> <span class='ocrx_word' id='word_1_35' title='bbox 418 734 911 817; x_wconf 87' lang='lat' dir='ltr'>Berengarium,</span> <span class='ocrx_word' id='word_1_36' title='bbox 950 734 1348 821; x_wconf 82' lang='lat' dir='ltr'>Episcopum</span> <span class='ocrx_word' id='word_1_37' title='bbox 1378 736 1809 815; x_wconf 90' lang='lat' dir='ltr'>Biterensem,</span> <span class='ocrx_word' id='word_1_38' title='bbox 1859 759 1938 804; x_wconf 93' lang='lat' dir='ltr'>ac</span> <span class='ocrx_word' id='word_1_39' title='bbox 1970 738 2278 804; x_wconf 90' lang='lat' dir='ltr'>dilectum</span> <span class='ocrx_word' id='word_1_40' title='bbox 2308 739 2514 804; x_wconf 88' lang='lat' dir='ltr'>filium</span> <span class='ocrx_word' id='word_1_41' title='bbox 2543 737 2984 822; x_wconf 77' lang='lat' dir='ltr'>magistrum³</span> 
     </span>
     <span class='ocr_line' id='line_1_6' title="bbox 314 831 2977 917; baseline 0.003 -22"><span class='ocrx_word' id='word_1_42' title='bbox 314 831 716 898; x_wconf 89' lang='lat' dir='ltr'>Richardum</span> <span class='ocrx_word' id='word_1_43' title='bbox 771 834 851 899; x_wconf 89' lang='lat' dir='ltr'>de</span> <span class='ocrx_word' id='word_1_44' title='bbox 900 834 1085 900; x_wconf 90' lang='lat' dir='ltr'>Senis</span> <span class='ocrx_word' id='word_1_45' title='bbox 1103 885 1118 913; x_wconf 95' lang='lat'><strong>,</strong></span> <span class='ocrx_word' id='word_1_46' title='bbox 1183 835 1465 901; x_wconf 76' lang='lat' dir='ltr'>Sanctae</span> <span class='ocrx_word' id='word_1_47' title='bbox 1510 835 1851 900; x_wconf 88' lang='lat' dir='ltr'>Romanae</span> <span class='ocrx_word' id='word_1_48' title='bbox 1895 836 2232 903; x_wconf 80' lang='lat' dir='ltr'>Ecclesiae</span> <span class='ocrx_word' id='word_1_49' title='bbox 2279 837 2905 903; x_wconf 88' lang='lat' dir='ltr'>Vicecancellarium</span> <span class='ocrx_word' id='word_1_50' title='bbox 2929 837 2977 917; x_wconf 79' lang='lat'>⁴,</span> 
     </span>
     <span class='ocr_line' id='line_1_7' title="bbox 306 929 2978 1017; baseline 0.003 -22"><span class='ocrx_word' id='word_1_51' title='bbox 306 929 474 1012; x_wconf 85' lang='lat' dir='ltr'>juris</span> <span class='ocrx_word' id='word_1_52' title='bbox 521 931 861 1015; x_wconf 90' lang='lat' dir='ltr'>utriusque</span> <span class='ocrx_word' id='word_1_53' title='bbox 909 932 1242 999; x_wconf 90' lang='lat' dir='ltr'>doctorem</span> <span class='ocrx_word' id='word_1_54' title='bbox 1260 983 1275 1011; x_wconf 99' lang='lat'><strong>,</strong></span> <span class='ocrx_word' id='word_1_55' title='bbox 1331 933 1715 999; x_wconf 89' lang='lat' dir='ltr'>Decretales</span> <span class='ocrx_word' id='word_1_56' title='bbox 1761 933 2130 1017; x_wconf 85' lang='lat' dir='ltr'>hujusmodi</span> <span class='ocrx_word' id='word_1_57' title='bbox 2155 933 2181 970; x_wconf 82' lang='lat'>⁵</span> <span class='ocrx_word' id='word_1_58' title='bbox 2228 935 2607 1017; x_wconf 89' lang='lat' dir='ltr'>diligentius</span> <span class='ocrx_word' id='word_1_59' title='bbox 2632 934 2657 973; x_wconf 80' lang='lat'><strong>⁶</strong></span> <span class='ocrx_word' id='word_1_60' title='bbox 2702 936 2978 1002; x_wconf 88' lang='lat' dir='ltr'>fecimus</span> 
     </span>
     <span class='ocr_line' id='line_1_8' title="bbox 313 1029 2978 1117; baseline 0.003 -26"><span class='ocrx_word' id='word_1_61' title='bbox 313 1029 674 1106; x_wconf 88' lang='lat' dir='ltr'>recenseri,</span> <span class='ocrx_word' id='word_1_62' title='bbox 725 1033 795 1095; x_wconf 92' lang='lat' dir='ltr'>et</span> <span class='ocrx_word' id='word_1_63' title='bbox 839 1030 1107 1095; x_wconf 90' lang='lat' dir='ltr'>tandem</span> <span class='ocrx_word' id='word_1_64' title='bbox 1153 1031 1448 1114; x_wconf 90' lang='lat' dir='ltr'>pluribus</span> <span class='ocrx_word' id='word_1_65' title='bbox 1495 1051 1580 1095; x_wconf 85' lang='lat' dir='ltr'>ex</span> <span class='ocrx_word' id='word_1_66' title='bbox 1626 1031 1787 1115; x_wconf 90' lang='lat' dir='ltr'>ipsis</span> <span class='ocrx_word' id='word_1_67' title='bbox 1835 1030 2010 1112; x_wconf 91' lang='lat' dir='ltr'>(cum</span> <span class='ocrx_word' id='word_1_68' title='bbox 2055 1033 2166 1097; x_wconf 90' lang='lat' dir='ltr'>vel</span> <span class='ocrx_word' id='word_1_69' title='bbox 2210 1033 2609 1117; x_wconf 88' lang='lat' dir='ltr'>temporales</span> <span class='ocrx_word' id='word_1_70' title='bbox 2627 1084 2642 1112; x_wconf 99' lang='lat'><strong>,</strong></span> <span class='ocrx_word' id='word_1_71' title='bbox 2693 1037 2807 1099; x_wconf 82' lang='lat' dir='ltr'>aut</span> <span class='ocrx_word' id='word_1_72' title='bbox 2854 1033 2978 1099; x_wconf 81' lang='lat' dir='ltr'>sibi</span> 
     </span>
     <span class='ocr_line' id='line_1_9' title="bbox 313 1123 2976 1215; baseline 0.003 -27"><span class='ocrx_word' id='word_1_73' title='bbox 313 1123 476 1208; x_wconf 88' lang='lat' dir='ltr'>ipsis</span> <span class='ocrx_word' id='word_1_74' title='bbox 494 1175 508 1203; x_wconf 92' lang='lat'><strong>,</strong></span> <span class='ocrx_word' id='word_1_75' title='bbox 566 1127 675 1192; x_wconf 92' lang='lat' dir='ltr'>vel</span> <span class='ocrx_word' id='word_1_76' title='bbox 721 1127 867 1193; x_wconf 88' lang='lat' dir='ltr'>aliis</span> <span class='ocrx_word' id='word_1_77' title='bbox 907 1128 1162 1211; x_wconf 87' lang='lat' dir='ltr'>juribus</span> <span class='ocrx_word' id='word_1_78' title='bbox 1210 1128 1581 1196; x_wconf 88' lang='lat' dir='ltr'>contrariae</span> <span class='ocrx_word' id='word_1_79' title='bbox 1600 1179 1614 1207; x_wconf 98' lang='lat'><strong>,</strong></span> <span class='ocrx_word' id='word_1_80' title='bbox 1680 1150 1796 1195; x_wconf 90' lang='lat' dir='ltr'>seu</span> <span class='ocrx_word' id='word_1_81' title='bbox 1844 1129 2104 1195; x_wconf 93' lang='lat' dir='ltr'>omnino</span> <span class='ocrx_word' id='word_1_82' title='bbox 2152 1132 2522 1215; x_wconf 89' lang='lat' dir='ltr'>superfluae</span> <span class='ocrx_word' id='word_1_83' title='bbox 2567 1129 2976 1213; x_wconf 90' lang='lat' dir='ltr'>viderentur)</span> 
     </span>
     <span class='ocr_line' id='line_1_10' title="bbox 311 1223 2977 1310; baseline 0.003 -22"><span class='ocrx_word' id='word_1_84' title='bbox 311 1223 576 1307; x_wconf 91' lang='lat' dir='ltr'>penitus</span> <span class='ocrx_word' id='word_1_85' title='bbox 636 1225 952 1292; x_wconf 88' lang='lat' dir='ltr'>resecatis</span> <span class='ocrx_word' id='word_1_86' title='bbox 981 1225 1023 1304; x_wconf 91' lang='lat'>⁷,</span> <span class='ocrx_word' id='word_1_87' title='bbox 1085 1226 1371 1309; x_wconf 89' lang='lat' dir='ltr'>reliquas</span> <span class='ocrx_word' id='word_1_88' title='bbox 1389 1277 1403 1306; x_wconf 94' lang='lat'><strong>,</strong></span> <span class='ocrx_word' id='word_1_89' title='bbox 1468 1226 1856 1310; x_wconf 88' lang='lat' dir='ltr'>quibusdam</span> <span class='ocrx_word' id='word_1_90' title='bbox 1921 1249 2007 1293; x_wconf 87' lang='lat' dir='ltr'>ex</span> <span class='ocrx_word' id='word_1_91' title='bbox 2053 1228 2148 1293; x_wconf 90' lang='lat' dir='ltr'>eis</span> <span class='ocrx_word' id='word_1_92' title='bbox 2195 1228 2598 1295; x_wconf 85' lang='lat' dir='ltr'>abbreviatis</span> <span class='ocrx_word' id='word_1_93' title='bbox 2618 1229 2664 1308; x_wconf 74' lang='lat'>⁸,</span> <span class='ocrx_word' id='word_1_94' title='bbox 2727 1233 2796 1295; x_wconf 91' lang='lat' dir='ltr'>et</span> <span class='ocrx_word' id='word_1_95' title='bbox 2855 1229 2977 1294; x_wconf 92' lang='lat' dir='ltr'>ali-</span> 
     </span>
     <span class='ocr_line' id='line_1_11' title="bbox 316 1321 2974 1409; baseline 0.003 -24"><span class='ocrx_word' id='word_1_96' title='bbox 316 1321 549 1403; x_wconf 90' lang='lat' dir='ltr'>quibus</span> <span class='ocrx_word' id='word_1_97' title='bbox 594 1322 663 1387; x_wconf 93' lang='lat' dir='ltr'>in</span> <span class='ocrx_word' id='word_1_98' title='bbox 708 1327 852 1389; x_wconf 91' lang='lat' dir='ltr'>toto</span> <span class='ocrx_word' id='word_1_99' title='bbox 881 1325 904 1364; x_wconf 85' lang='lat'>⁹</span> <span class='ocrx_word' id='word_1_100' title='bbox 950 1325 1058 1389; x_wconf 91' lang='lat' dir='ltr'>vel</span> <span class='ocrx_word' id='word_1_101' title='bbox 1104 1324 1173 1388; x_wconf 91' lang='lat' dir='ltr'>in</span> <span class='ocrx_word' id='word_1_102' title='bbox 1217 1329 1408 1409; x_wconf 92' lang='lat' dir='ltr'>parte</span> <span class='ocrx_word' id='word_1_103' title='bbox 1452 1324 1730 1390; x_wconf 90' lang='lat' dir='ltr'>mutatis</span> <span class='ocrx_word' id='word_1_104' title='bbox 1760 1323 1830 1403; x_wconf 84' lang='lat'>¹⁰,</span> <span class='ocrx_word' id='word_1_105' title='bbox 1878 1326 2232 1408; x_wconf 89' lang='lat' dir='ltr'>multisque</span> <span class='ocrx_word' id='word_1_106' title='bbox 2280 1327 2811 1405; x_wconf 78' lang='lat' dir='ltr'>correctionibUS,</span> <span class='ocrx_word' id='word_1_107' title='bbox 2862 1328 2974 1392; x_wconf 92' lang='grc'><strong>(16-</strong></span> 
     </span>
     <span class='ocr_line' id='line_1_12' title="bbox 313 1420 2973 1510; baseline 0.003 -27"><span class='ocrx_word' id='word_1_108' title='bbox 313 1420 749 1487; x_wconf 90' lang='lat' dir='ltr'>tractionibus</span> <span class='ocrx_word' id='word_1_109' title='bbox 780 1422 828 1506; x_wconf 83' lang='lat'>¹.¹</span> <span class='ocrx_word' id='word_1_110' title='bbox 879 1427 947 1488; x_wconf 90' lang='lat' dir='ltr'>et</span> <span class='ocrx_word' id='word_1_111' title='bbox 993 1422 1433 1489; x_wconf 89' lang='lat' dir='ltr'>additionibus</span> <span class='ocrx_word' id='word_1_112' title='bbox 1480 1422 1705 1508; x_wconf 91' lang='lat' dir='ltr'>(prout</span> <span class='ocrx_word' id='word_1_113' title='bbox 1752 1423 2060 1507; x_wconf 83' lang='lat' dir='ltr'>expedire</span> <span class='ocrx_word' id='word_1_114' title='bbox 2098 1424 2407 1508; x_wconf 88' lang='lat' dir='ltr'>vidimus)</span> <span class='ocrx_word' id='word_1_115' title='bbox 2440 1425 2636 1492; x_wconf 88' lang='lat' dir='ltr'>factis</span> <span class='ocrx_word' id='word_1_116' title='bbox 2681 1425 2750 1491; x_wconf 90' lang='lat' dir='ltr'>in</span> <span class='ocrx_word' id='word_1_117' title='bbox 2794 1425 2973 1510; x_wconf 90' lang='lat' dir='ltr'>ipsis,</span> 
     </span>
     <span class='ocr_line' id='line_1_13' title="bbox 313 1516 2975 1606; baseline 0.003 -24"><span class='ocrx_word' id='word_1_118' title='bbox 313 1516 382 1581; x_wconf 91' lang='lat' dir='ltr'>in</span> <span class='ocrx_word' id='word_1_119' title='bbox 426 1539 627 1584; x_wconf 90' lang='lat' dir='ltr'>unum</span> <span class='ocrx_word' id='word_1_120' title='bbox 671 1519 928 1598; x_wconf 89' lang='lat' dir='ltr'>librum,</span> <span class='ocrx_word' id='word_1_121' title='bbox 988 1542 1134 1585; x_wconf 85' lang='lat' dir='ltr'>curn</span> <span class='ocrx_word' id='word_1_122' title='bbox 1180 1521 1507 1586; x_wconf 89' lang='lat' dir='ltr'>nonnullis</span> <span class='ocrx_word' id='word_1_123' title='bbox 1554 1521 1800 1587; x_wconf 89' lang='lat' dir='ltr'>nostris</span> <span class='ocrx_word' id='word_1_124' title='bbox 1847 1522 2421 1588; x_wconf 89' lang='lat' dir='ltr'>constitutionibus</span> <span class='ocrx_word' id='word_1_125' title='bbox 2468 1522 2564 1605; x_wconf 91' lang='lat' dir='ltr'>(in</span> <span class='ocrx_word' id='word_1_126' title='bbox 2610 1524 2844 1606; x_wconf 93' lang='lat' dir='ltr'>quibus</span> <span class='ocrx_word' id='word_1_127' title='bbox 2891 1524 2975 1589; x_wconf 89' lang='lat' dir='ltr'>ad</span> 
     </span>
     <span class='ocr_line' id='line_1_14' title="bbox 314 1617 2971 1702; baseline 0.003 -23"><span class='ocrx_word' id='word_1_128' title='bbox 314 1617 784 1682; x_wconf 86' lang='lat' dir='ltr'>correctionem</span> <span class='ocrx_word' id='word_1_129' title='bbox 814 1640 1069 1684; x_wconf 91' lang='lat' dir='ltr'>morum</span> <span class='ocrx_word' id='word_1_130' title='bbox 1101 1619 1636 1701; x_wconf 90' lang='lat' dir='ltr'>subditorumque</span> <span class='ocrx_word' id='word_1_131' title='bbox 1668 1619 1956 1702; x_wconf 85' lang='lat' dir='ltr'>quietern</span> <span class='ocrx_word' id='word_1_132' title='bbox 1987 1621 2196 1687; x_wconf 89' lang='lat' dir='ltr'>multa</span> <span class='ocrx_word' id='word_1_133' title='bbox 2232 1624 2617 1687; x_wconf 88' lang='lat' dir='ltr'>statuuntur</span> <span class='ocrx_word' id='word_1_134' title='bbox 2662 1621 2971 1700; x_wconf 90' lang='lat' dir='ltr'>salubria,</span> 
     </span>
     <span class='ocr_line' id='line_1_15' title="bbox 310 1711 2971 1804; baseline 0.003 -27"><span class='ocrx_word' id='word_1_135' title='bbox 310 1711 567 1779; x_wconf 87' lang='lat' dir='ltr'>fructus</span> <span class='ocrx_word' id='word_1_136' title='bbox 613 1716 847 1781; x_wconf 90' lang='lat' dir='ltr'>uberes</span> <span class='ocrx_word' id='word_1_137' title='bbox 894 1717 1034 1782; x_wconf 91' lang='lat' dir='ltr'>Deo</span> <span class='ocrx_word' id='word_1_138' title='bbox 1080 1717 1364 1801; x_wconf 91' lang='lat' dir='ltr'>propitio</span> <span class='ocrx_word' id='word_1_139' title='bbox 1410 1717 1478 1782; x_wconf 92' lang='lat' dir='ltr'>in</span> <span class='ocrx_word' id='word_1_140' title='bbox 1525 1717 1717 1783; x_wconf 88' lang='lat' dir='ltr'>domo</span> <span class='ocrx_word' id='word_1_141' title='bbox 1763 1718 2026 1783; x_wconf 91' lang='lat' dir='ltr'>Domini</span> <span class='ocrx_word' id='word_1_142' title='bbox 2073 1718 2389 1796; x_wconf 89' lang='lat' dir='ltr'>allatura,</span> <span class='ocrx_word' id='word_1_143' title='bbox 2453 1723 2522 1785; x_wconf 90' lang='lat' dir='ltr'>et</span> <span class='ocrx_word' id='word_1_144' title='bbox 2574 1720 2857 1804; x_wconf 89' lang='lat' dir='ltr'>plurima</span> <span class='ocrx_word' id='word_1_145' title='bbox 2902 1719 2971 1785; x_wconf 91' lang='lat' dir='ltr'>in</span> 
     </span>
     <span class='ocr_line' id='line_1_16' title="bbox 306 1812 2972 1899; baseline 0.003 -23"><span class='ocrx_word' id='word_1_146' title='bbox 306 1812 567 1895; x_wconf 89' lang='lat' dir='ltr'>judiciis</span> <span class='ocrx_word' id='word_1_147' title='bbox 615 1817 684 1879; x_wconf 90' lang='lat' dir='ltr'>et</span> <span class='ocrx_word' id='word_1_148' title='bbox 731 1819 924 1881; x_wconf 82' lang='lat' dir='ltr'>extra</span> <span class='ocrx_word' id='word_1_149' title='bbox 968 1815 1392 1899; x_wconf 88' lang='lat' dir='ltr'>frequentata</span> <span class='ocrx_word' id='word_1_150' title='bbox 1446 1814 1642 1880; x_wconf 87' lang='lat' dir='ltr'>dubia</span> <span class='ocrx_word' id='word_1_151' title='bbox 1689 1815 2104 1899; x_wconf 86' lang='lat' dir='ltr'>deciduntur)</span> <span class='ocrx_word' id='word_1_152' title='bbox 2132 1815 2201 1895; x_wconf 80' lang='lat'>¹²,</span> <span class='ocrx_word' id='word_1_153' title='bbox 2261 1816 2472 1899; x_wconf 86' lang='lat' dir='ltr'>redigi</span> <span class='ocrx_word' id='word_1_154' title='bbox 2516 1817 2972 1883; x_wconf 88' lang='lat' dir='ltr'>mandavimus</span> 
     </span>
     <span class='ocr_line' id='line_1_17' title="bbox 312 1911 1533 1980; baseline 0.002 -4"><span class='ocrx_word' id='word_1_155' title='bbox 312 1912 383 1976; x_wconf 90' lang='lat' dir='ltr'>et</span> <span class='ocrx_word' id='word_1_156' title='bbox 428 1912 549 1976; x_wconf 89' lang='lat' dir='ltr'>sub</span> <span class='ocrx_word' id='word_1_157' title='bbox 597 1912 832 1979; x_wconf 92' lang='lat' dir='ltr'>debitis</span> <span class='ocrx_word' id='word_1_158' title='bbox 878 1913 1091 1979; x_wconf 90' lang='lat' dir='ltr'>titulis</span> <span class='ocrx_word' id='word_1_159' title='bbox 1112 1911 1164 1950; x_wconf 81' lang='lat'>¹³</span> <span class='ocrx_word' id='word_1_160' title='bbox 1210 1913 1533 1980; x_wconf 92' lang='lat' dir='ltr'>collocari.</span> 
     </span>
    </p>
   </div>
   <div class='ocr_carea' id='block_1_3' title="bbox 312 2019 2974 2302">
    <p class='ocr_par' dir='ltr' id='par_1_3' title="bbox 312 2019 2974 2302">
     <span class='ocr_line' id='line_1_18' title="bbox 502 2019 2974 2104; baseline 0.001 -19"><span class='ocrx_word' id='word_1_161' title='bbox 502 2019 741 2097; x_wconf 85' lang='lat' dir='ltr'>„Quem</span> <span class='ocrx_word' id='word_1_162' title='bbox 801 2021 1038 2086; x_wconf 92' lang='lat' dir='ltr'>librum</span> <span class='ocrx_word' id='word_1_163' title='bbox 1057 2072 1071 2099; x_wconf 91' lang='lat'><strong>,</strong></span> <span class='ocrx_word' id='word_1_164' title='bbox 1134 2021 1417 2104; x_wconf 89' lang='lat' dir='ltr'>quinque</span> <span class='ocrx_word' id='word_1_165' title='bbox 1477 2021 1662 2086; x_wconf 93' lang='lat' dir='ltr'>libris</span> <span class='ocrx_word' id='word_1_166' title='bbox 1722 2021 1869 2087; x_wconf 87' lang='lat' dir='ltr'>aliis</span> <span class='ocrx_word' id='word_1_167' title='bbox 1931 2021 2088 2088; x_wconf 92' lang='lat' dir='ltr'>dicti</span> <span class='ocrx_word' id='word_1_168' title='bbox 2134 2021 2483 2087; x_wconf 89' lang='lat' dir='ltr'>voluminis</span> <span class='ocrx_word' id='word_1_169' title='bbox 2528 2022 2974 2089; x_wconf 87' lang='lat' dir='ltr'>Decretalium</span> 
     </span>
     <span class='ocr_line' id='line_1_19' title="bbox 313 2117 2973 2204; baseline 0.002 -23"><span class='ocrx_word' id='word_1_170' title='bbox 313 2119 810 2198; x_wconf 89' lang='lat' dir='ltr'>annectendum,</span> <span class='ocrx_word' id='word_1_171' title='bbox 863 2118 1135 2185; x_wconf 87' lang='lat' dir='ltr'>Sextum</span> <span class='ocrx_word' id='word_1_172' title='bbox 1168 2119 1537 2185; x_wconf 90' lang='lat' dir='ltr'>censuimus</span> <span class='ocrx_word' id='word_1_173' title='bbox 1581 2119 1963 2204; x_wconf 88' lang='lat' dir='ltr'>nuncupari,</span> <span class='ocrx_word' id='word_1_174' title='bbox 2012 2124 2086 2187; x_wconf 93' lang='lat' dir='ltr'>ut</span> <span class='ocrx_word' id='word_1_175' title='bbox 2130 2119 2303 2185; x_wconf 91' lang='lat' dir='ltr'>idem</span> <span class='ocrx_word' id='word_1_176' title='bbox 2347 2120 2655 2186; x_wconf 90' lang='lat' dir='ltr'>volumen</span> <span class='ocrx_word' id='word_1_177' title='bbox 2683 2117 2736 2158; x_wconf 74' lang='lat'>¹⁴</span> <span class='ocrx_word' id='word_1_178' title='bbox 2782 2142 2973 2186; x_wconf 90' lang='lat' dir='ltr'>sena-</span> 
     </span>
     <span class='ocr_line' id='line_1_20' title="bbox 312 2214 2973 2302; baseline 0.002 -24"><span class='ocrx_word' id='word_1_179' title='bbox 312 2214 482 2279; x_wconf 90' lang='lat' dir='ltr'>rium</span> <span class='ocrx_word' id='word_1_180' title='bbox 515 2216 652 2300; x_wconf 91' lang='lat' dir='ltr'>(qui</span> <span class='ocrx_word' id='word_1_181' title='bbox 683 2239 995 2283; x_wconf 89' lang='lat' dir='ltr'>numerus</span> <span class='ocrx_word' id='word_1_182' title='bbox 1028 2221 1132 2283; x_wconf 90' lang='lat' dir='ltr'>est</span> <span class='ocrx_word' id='word_1_183' title='bbox 1162 2217 1522 2302; x_wconf 85' lang='lat' dir='ltr'>perfectus)</span> <span class='ocrx_word' id='word_1_184' title='bbox 1550 2217 1603 2255; x_wconf 81' lang='lat'>¹⁵</span> <span class='ocrx_word' id='word_1_185' title='bbox 1648 2217 1983 2296; x_wconf 91' lang='lat' dir='ltr'>librorum,</span> <span class='ocrx_word' id='word_1_186' title='bbox 2030 2218 2142 2283; x_wconf 92' lang='lat' dir='ltr'>illo</span> <span class='ocrx_word' id='word_1_187' title='bbox 2174 2219 2225 2257; x_wconf 75' lang='lat'>¹⁶</span> <span class='ocrx_word' id='word_1_188' title='bbox 2256 2218 2583 2301; x_wconf 83' lang='lat' dir='ltr'>adjunctO,</span> <span class='ocrx_word' id='word_1_189' title='bbox 2632 2240 2973 2284; x_wconf 90' lang='lat' dir='ltr'>numerum</span> 
     </span>
    </p>
   </div>
   <div class='ocr_carea' id='block_1_4' title="bbox 298 2432 2974 4835">
    <p class='ocr_par' dir='ltr' id='par_1_4' title="bbox 494 2432 2619 2504">
     <span class='ocr_line' id='line_1_21' title="bbox 494 2432 2619 2504; baseline 0 -16"><span class='ocrx_word' id='word_1_190' title='bbox 494 2435 512 2468; x_wconf 88' lang='lat'><strong>¹</strong></span> <span class='ocrx_word' id='word_1_191' title='bbox 550 2434 592 2489; x_wconf 94' lang='lat' dir='ltr'>I.</span> <span class='ocrx_word' id='word_1_192' title='bbox 632 2452 678 2489; x_wconf 89' lang='lat' dir='ltr'>e.</span> <span class='ocrx_word' id='word_1_193' title='bbox 715 2434 942 2489; x_wconf 87' lang='lat' dir='ltr'>retineri</span> <span class='ocrx_word' id='word_1_194' title='bbox 978 2438 1035 2490; x_wconf 89' lang='lat' dir='ltr'>et</span> <span class='ocrx_word' id='word_1_195' title='bbox 1071 2434 1366 2488; x_wconf 89' lang='lat' dir='ltr'>observari.</span> <span class='ocrx_word' id='word_1_196' title='bbox 1550 2437 1570 2469; x_wconf 85' lang='lat'><strong>²</strong></span> <span class='ocrx_word' id='word_1_197' title='bbox 1606 2434 1648 2488; x_wconf 99' lang='grc' dir='ltr'>Ι.</span> <span class='ocrx_word' id='word_1_198' title='bbox 1689 2452 1736 2488; x_wconf 91' lang='grc'>6.</span> <span class='ocrx_word' id='word_1_199' title='bbox 1773 2432 1943 2504; x_wconf 85' lang='lat' dir='ltr'>rejici.</span> <span class='ocrx_word' id='word_1_200' title='bbox 2008 2433 2119 2488; x_wconf 84' lang='lat' dir='ltr'>cfr.</span> <span class='ocrx_word' id='word_1_201' title='bbox 2156 2433 2232 2502; x_wconf 89' lang='lat' dir='ltr'>gl.</span> <span class='ocrx_word' id='word_1_202' title='bbox 2271 2452 2325 2488; x_wconf 93' lang='lat' dir='ltr'>v.</span> <span class='ocrx_word' id='word_1_203' title='bbox 2363 2437 2619 2502; x_wconf 81' lang='lat' dir='ltr'>refutari.</span> 
     </span>
    </p>

    <p class='ocr_par' dir='ltr' id='par_1_5' title="bbox 495 2515 2073 2585">
     <span class='ocr_line' id='line_1_22' title="bbox 495 2515 2073 2585; baseline 0 -16"><span class='ocrx_word' id='word_1_204' title='bbox 495 2515 516 2549; x_wconf 80' lang='lat'><strong>⁸</strong></span> <span class='ocrx_word' id='word_1_205' title='bbox 550 2515 593 2569; x_wconf 93' lang='grc' dir='ltr'>Ι.</span> <span class='ocrx_word' id='word_1_206' title='bbox 633 2533 678 2569; x_wconf 97' lang='grc'>6.</span> <span class='ocrx_word' id='word_1_207' title='bbox 719 2516 993 2570; x_wconf 89' lang='lat' dir='ltr'>doctorem</span> <span class='ocrx_word' id='word_1_208' title='bbox 1030 2515 1084 2570; x_wconf 88' lang='lat' dir='ltr'>S.</span> <span class='ocrx_word' id='word_1_209' title='bbox 1123 2515 1467 2583; x_wconf 88' lang='lat' dir='ltr'>Theologiae.</span> <span class='ocrx_word' id='word_1_210' title='bbox 1544 2515 1653 2569; x_wconf 85' lang='lat' dir='ltr'>cfr.</span> <span class='ocrx_word' id='word_1_211' title='bbox 1693 2532 1860 2585; x_wconf 90' lang='lat' dir='ltr'>supra</span> <span class='ocrx_word' id='word_1_212' title='bbox 1896 2533 1948 2585; x_wconf 91' lang='lat' dir='ltr'>p.</span> <span class='ocrx_word' id='word_1_213' title='bbox 1985 2515 2073 2569; x_wconf 88' lang='lat'>45.</span> 
     </span>
    </p>

    <p class='ocr_par' dir='ltr' id='par_1_6' title="bbox 311 2593 2971 2744">
     <span class='ocr_line' id='line_1_23' title="bbox 491 2593 2971 2667; baseline 0.001 -18"><span class='ocrx_word' id='word_1_214' title='bbox 491 2596 516 2630; x_wconf 76' lang='lat'>⁴</span> <span class='ocrx_word' id='word_1_215' title='bbox 551 2595 608 2649; x_wconf 92' lang='lat' dir='ltr'>Is</span> <span class='ocrx_word' id='word_1_216' title='bbox 643 2598 903 2667; x_wconf 90' lang='lat' dir='ltr'>tempore,</span> <span class='ocrx_word' id='word_1_217' title='bbox 943 2597 1072 2650; x_wconf 90' lang='lat' dir='ltr'>dum</span> <span class='ocrx_word' id='word_1_218' title='bbox 1110 2598 1352 2650; x_wconf 76' lang='lat' dir='ltr'>Joannes</span> <span class='ocrx_word' id='word_1_219' title='bbox 1389 2598 1642 2650; x_wconf 81' lang='lat' dir='ltr'>Andreae</span> <span class='ocrx_word' id='word_1_220' title='bbox 1677 2596 1920 2663; x_wconf 87' lang='lat' dir='ltr'>glossam</span> <span class='ocrx_word' id='word_1_221' title='bbox 1957 2593 2107 2649; x_wconf 89' lang='lat' dir='ltr'>Libri</span> <span class='ocrx_word' id='word_1_222' title='bbox 2144 2594 2299 2649; x_wconf 85' lang='lat' dir='ltr'>Sexti</span> <span class='ocrx_word' id='word_1_223' title='bbox 2336 2596 2649 2661; x_wconf 89' lang='lat' dir='ltr'>adornabat,</span> <span class='ocrx_word' id='word_1_224' title='bbox 2688 2600 2807 2652; x_wconf 89' lang='lat' dir='ltr'>erat</span> <span class='ocrx_word' id='word_1_225' title='bbox 2844 2597 2971 2652; x_wconf 86' lang='lat' dir='ltr'>Car·</span> 
     </span>
     <span class='ocr_line' id='line_1_24' title="bbox 311 2674 2670 2744; baseline 0.001 -15"><span class='ocrx_word' id='word_1_226' title='bbox 311 2674 511 2730; x_wconf 87' lang='lat' dir='ltr'>dinalis</span> <span class='ocrx_word' id='word_1_227' title='bbox 550 2676 807 2731; x_wconf 85' lang='lat' dir='ltr'>diaconus</span> <span class='ocrx_word' id='word_1_228' title='bbox 843 2677 929 2731; x_wconf 92' lang='lat' dir='ltr'>tit.</span> <span class='ocrx_word' id='word_1_229' title='bbox 969 2677 1022 2731; x_wconf 90' lang='lat' dir='ltr'>S.</span> <span class='ocrx_word' id='word_1_230' title='bbox 1060 2676 1360 2731; x_wconf 88' lang='lat' dir='ltr'>Eustachii.</span> <span class='ocrx_word' id='word_1_231' title='bbox 1437 2676 1547 2731; x_wconf 80' lang='lat' dir='ltr'>cfr.</span> <span class='ocrx_word' id='word_1_232' title='bbox 1585 2677 1660 2744; x_wconf 88' lang='lat' dir='ltr'>gl.</span> <span class='ocrx_word' id='word_1_233' title='bbox 1701 2677 1770 2730; x_wconf 94' lang='lat' dir='ltr'>ad</span> <span class='ocrx_word' id='word_1_234' title='bbox 1806 2676 1859 2730; x_wconf 92' lang='grc'>11.</span> <span class='ocrx_word' id='word_1_235' title='bbox 1898 2675 2030 2730; x_wconf 93' lang='lat' dir='ltr'>bull.</span> <span class='ocrx_word' id='word_1_236' title='bbox 2069 2694 2122 2730; x_wconf 93' lang='lat' dir='ltr'>v.</span> <span class='ocrx_word' id='word_1_237' title='bbox 2160 2679 2670 2731; x_wconf 79' lang='lat' dir='ltr'>vicecancellarium.</span> 
     </span>
    </p>

    <p class='ocr_par' dir='ltr' id='par_1_7' title="bbox 493 2755 2968 2827">
     <span class='ocr_line' id='line_1_25' title="bbox 493 2755 2968 2827; baseline 0.001 -17"><span class='ocrx_word' id='word_1_238' title='bbox 493 2758 513 2791; x_wconf 81' lang='lat'>⁵</span> <span class='ocrx_word' id='word_1_239' title='bbox 549 2755 772 2810; x_wconf 88' lang='lat' dir='ltr'>Scilicet</span> <span class='ocrx_word' id='word_1_240' title='bbox 809 2757 985 2811; x_wconf 85' lang='lat' dir='ltr'>editas</span> <span class='ocrx_word' id='word_1_241' title='bbox 1027 2760 1154 2827; x_wconf 89' lang='lat' dir='ltr'>post</span> <span class='ocrx_word' id='word_1_242' title='bbox 1201 2758 1458 2812; x_wconf 90' lang='lat' dir='ltr'>volumen</span> <span class='ocrx_word' id='word_1_243' title='bbox 1495 2756 1746 2825; x_wconf 85' lang='lat' dir='ltr'>Gregorii</span> <span class='ocrx_word' id='word_1_244' title='bbox 1781 2757 1875 2810; x_wconf 90' lang='lat' dir='ltr'>IX.</span> <span class='ocrx_word' id='word_1_245' title='bbox 1949 2757 2035 2810; x_wconf 88' lang='lat' dir='ltr'>Ita</span> <span class='ocrx_word' id='word_1_246' title='bbox 2071 2756 2147 2825; x_wconf 89' lang='lat' dir='ltr'>gl.</span> <span class='ocrx_word' id='word_1_247' title='bbox 2186 2757 2256 2810; x_wconf 91' lang='lat' dir='ltr'>ad</span> <span class='ocrx_word' id='word_1_248' title='bbox 2293 2757 2346 2811; x_wconf 92' lang='lat' dir='ltr'>h.</span> <span class='ocrx_word' id='word_1_249' title='bbox 2383 2756 2517 2811; x_wconf 93' lang='lat' dir='ltr'>bull.</span> <span class='ocrx_word' id='word_1_250' title='bbox 2556 2775 2611 2811; x_wconf 90' lang='lat' dir='ltr'>v.</span> <span class='ocrx_word' id='word_1_251' title='bbox 2648 2759 2968 2826; x_wconf 78' lang='lat' dir='ltr'>hujusmodi.</span> 
     </span>
    </p>

    <p class='ocr_par' dir='ltr' id='par_1_8' title="bbox 489 2836 1664 2907">
     <span class='ocr_line' id='line_1_26' title="bbox 489 2836 1664 2907; baseline 0 -17"><span class='ocrx_word' id='word_1_252' title='bbox 489 2838 511 2871; x_wconf 67' lang='grc' dir='ltr'>θ</span> <span class='ocrx_word' id='word_1_253' title='bbox 546 2836 590 2891; x_wconf 91' lang='grc' dir='ltr'>Ι.</span> <span class='ocrx_word' id='word_1_254' title='bbox 629 2855 675 2891; x_wconf 90' lang='grc'>6.</span> <span class='ocrx_word' id='word_1_255' title='bbox 714 2855 978 2907; x_wconf 89' lang='lat' dir='ltr'>perquam</span> <span class='ocrx_word' id='word_1_256' title='bbox 1015 2855 1115 2891; x_wconf 91' lang='lat' dir='ltr'>seu</span> <span class='ocrx_word' id='word_1_257' title='bbox 1151 2838 1314 2891; x_wconf 87' lang='lat' dir='ltr'>valde</span> <span class='ocrx_word' id='word_1_258' title='bbox 1358 2837 1664 2905; x_wconf 89' lang='lat' dir='ltr'>diligenter.</span> 
     </span>
    </p>

    <p class='ocr_par' dir='ltr' id='par_1_9' title="bbox 491 2916 2969 2988">
     <span class='ocr_line' id='line_1_27' title="bbox 491 2916 2969 2988; baseline 0.001 -18"><span class='ocrx_word' id='word_1_259' title='bbox 491 2919 511 2952; x_wconf 82' lang='lat'>&#39;¹</span> <span class='ocrx_word' id='word_1_260' title='bbox 549 2916 590 2971; x_wconf 94' lang='lat' dir='ltr'>I.</span> <span class='ocrx_word' id='word_1_261' title='bbox 631 2935 677 2970; x_wconf 92' lang='lat' dir='ltr'>e.</span> <span class='ocrx_word' id='word_1_262' title='bbox 716 2935 938 2987; x_wconf 89' lang='lat' dir='ltr'>prorsus</span> <span class='ocrx_word' id='word_1_263' title='bbox 971 2917 1204 2972; x_wconf 81' lang='lat' dir='ltr'>omissis,</span> <span class='ocrx_word' id='word_1_264' title='bbox 1262 2917 1371 2972; x_wconf 87' lang='lat' dir='ltr'>cfr.</span> <span class='ocrx_word' id='word_1_265' title='bbox 1400 2919 1628 2987; x_wconf 83' lang='lat' dir='ltr'>Schulte,</span> <span class='ocrx_word' id='word_1_266' title='bbox 1664 2917 1768 2971; x_wconf 90' lang='lat' dir='ltr'>Die</span> <span class='ocrx_word' id='word_1_267' title='bbox 1794 2917 2122 2971; x_wconf 89' lang='lat' dir='ltr'>Geschichte</span> <span class='ocrx_word' id='word_1_268' title='bbox 2148 2918 2243 2971; x_wconf 90' lang='lat' dir='ltr'>der</span> <span class='ocrx_word' id='word_1_269' title='bbox 2268 2916 2514 2983; x_wconf 85' lang='lat' dir='ltr'>Quellen,</span> <span class='ocrx_word' id='word_1_270' title='bbox 2550 2921 2681 2973; x_wconf 92' lang='lat' dir='ltr'>tom.</span> <span class='ocrx_word' id='word_1_271' title='bbox 2709 2918 2778 2972; x_wconf 89' lang='lat' dir='ltr'>H.</span> <span class='ocrx_word' id='word_1_272' title='bbox 2804 2936 2855 2988; x_wconf 93' lang='lat' dir='ltr'>p.</span> <span class='ocrx_word' id='word_1_273' title='bbox 2884 2918 2969 2973; x_wconf 86' lang='lat'>37.</span> 
     </span>
    </p>

    <p class='ocr_par' dir='ltr' id='par_1_10' title="bbox 307 2995 2968 3229">
     <span class='ocr_line' id='line_1_28' title="bbox 492 2995 2968 3066; baseline 0.001 -15"><span class='ocrx_word' id='word_1_274' title='bbox 492 2997 514 3031; x_wconf 76' lang='lat'>⁸</span> <span class='ocrx_word' id='word_1_275' title='bbox 552 2995 639 3051; x_wconf 89' lang='lat' dir='ltr'>Gl.</span> <span class='ocrx_word' id='word_1_276' title='bbox 678 2998 747 3051; x_wconf 93' lang='lat' dir='ltr'>ad</span> <span class='ocrx_word' id='word_1_277' title='bbox 785 2998 839 3052; x_wconf 91' lang='lat' dir='ltr'>h.</span> <span class='ocrx_word' id='word_1_278' title='bbox 880 2998 1009 3052; x_wconf 90' lang='lat' dir='ltr'>bull.</span> <span class='ocrx_word' id='word_1_279' title='bbox 1048 3017 1103 3052; x_wconf 87' lang='lat' dir='ltr'>v.</span> <span class='ocrx_word' id='word_1_280' title='bbox 1143 3000 1462 3052; x_wconf 77' lang='lat' dir='ltr'>abbreviatis</span> <span class='ocrx_word' id='word_1_281' title='bbox 1511 2997 1617 3052; x_wconf 86' lang='lat' dir='ltr'>ait:</span> <span class='ocrx_word' id='word_1_282' title='bbox 1675 2998 1784 3064; x_wconf 83' lang='lat' dir='ltr'>„Ut</span> <span class='ocrx_word' id='word_1_283' title='bbox 1834 3000 1921 3051; x_wconf 89' lang='lat' dir='ltr'>est</span> <span class='ocrx_word' id='word_1_284' title='bbox 1955 2997 2143 3051; x_wconf 90' lang='lat' dir='ltr'>videre</span> <span class='ocrx_word' id='word_1_285' title='bbox 2181 2996 2240 3051; x_wconf 89' lang='lat' dir='ltr'>in</span> <span class='ocrx_word' id='word_1_286' title='bbox 2273 2997 2552 3052; x_wconf 87' lang='lat' dir='ltr'>Decretali</span> <span class='ocrx_word' id='word_1_287' title='bbox 2589 2997 2841 3066; x_wconf 78' lang='lat' dir='ltr'>Gregorii</span> <span class='ocrx_word' id='word_1_288' title='bbox 2876 2999 2968 3053; x_wconf 88' lang='lat' dir='ltr'>IX.</span> 
     </span>
     <span class='ocr_line' id='line_1_29' title="bbox 307 3075 2969 3148; baseline 0.001 -17"><span class='ocrx_word' id='word_1_289' title='bbox 307 3076 453 3131; x_wconf 85' lang='lat' dir='ltr'>infra</span> <span class='ocrx_word' id='word_1_290' title='bbox 491 3077 557 3130; x_wconf 91' lang='lat' dir='ltr'>de</span> <span class='ocrx_word' id='word_1_291' title='bbox 596 3075 786 3131; x_wconf 89' lang='lat' dir='ltr'>decim.</span> <span class='ocrx_word' id='word_1_292' title='bbox 825 3096 870 3131; x_wconf 90' lang='lat' dir='ltr'>c.</span> <span class='ocrx_word' id='word_1_293' title='bbox 914 3078 960 3132; x_wconf 95' lang='grc'>1.</span> <span class='ocrx_word' id='word_1_294' title='bbox 1005 3077 1074 3147; x_wconf 91' lang='grc'>(6.</span> <span class='ocrx_word' id='word_1_295' title='bbox 1117 3078 1164 3132; x_wconf 95' lang='grc'>1.</span> <span class='ocrx_word' id='word_1_296' title='bbox 1204 3078 1270 3131; x_wconf 87' lang='grc'>(16</span> <span class='ocrx_word' id='word_1_297' title='bbox 1309 3077 1498 3132; x_wconf 84' lang='lat' dir='ltr'>decim.</span> <span class='ocrx_word' id='word_1_298' title='bbox 1536 3078 1632 3132; x_wconf 89' lang='lat'>111.</span> <span class='ocrx_word' id='word_1_299' title='bbox 1674 3077 1803 3146; x_wconf 87' lang='grc'><strong>13.,)</strong></span> <span class='ocrx_word' id='word_1_300' title='bbox 1844 3095 1984 3147; x_wconf 91' lang='lat' dir='ltr'>quae</span> <span class='ocrx_word' id='word_1_301' title='bbox 2020 3095 2117 3148; x_wconf 89' lang='lat' dir='ltr'>per</span> <span class='ocrx_word' id='word_1_302' title='bbox 2154 3077 2399 3146; x_wconf 85' lang='lat' dir='ltr'>longiora</span> <span class='ocrx_word' id='word_1_303' title='bbox 2435 3079 2606 3133; x_wconf 87' lang='lat' dir='ltr'>verba</span> <span class='ocrx_word' id='word_1_304' title='bbox 2644 3081 2969 3147; x_wconf 85' lang='lat' dir='ltr'>extravaga-</span> 
     </span>
     <span class='ocr_line' id='line_1_30' title="bbox 308 3157 2970 3251; baseline 0 -39"><span class='ocrx_word' id='word_1_305' title='bbox 308 3157 471 3212; x_wconf 80' lang='lat' dir='ltr'>batur</span> <span class='ocrx_word' id='word_1_306' title='bbox 508 3161 566 3212; x_wconf 89' lang='lat' dir='ltr'>et</span> <span class='ocrx_word' id='word_1_307' title='bbox 600 3157 923 3228; x_wconf 89' lang='lat' dir='ltr'>incipiebat:</span> <span class='ocrx_word' id='word_1_308' title='bbox 982 3160 1213 3212; x_wconf 78' lang='lat' dir='ltr'>Gravem</span> <span class='ocrx_word' id='word_1_309' title='bbox 1249 3160 1447 3212; x_wconf 80' lang='lat' dir='ltr'>nobis.“</span> <span class='ocrx_word' id='word_1_310' title='bbox 1528 3158 1638 3212; x_wconf 83' lang='lat' dir='ltr'>cfr.</span> <span class='ocrx_word' id='word_1_311' title='bbox 1679 3160 1908 3228; x_wconf 84' lang='lat' dir='ltr'>Schulte,</span> <span class='ocrx_word' id='word_1_312' title='bbox 1944 3158 2047 3212; x_wconf 91' lang='lat' dir='ltr'>Die</span> <span class='ocrx_word' id='word_1_313' title='bbox 2083 3158 2435 3223; x_wconf 89' lang='lat' dir='ltr'>Decretalen‚</span> <span class='ocrx_word' id='word_1_314' title='bbox 2474 3159 2510 3213; x_wconf 94' lang='lat' dir='ltr'>l.</span> <span class='ocrx_word' id='word_1_315' title='bbox 2549 3177 2596 3214; x_wconf 92' lang='lat' dir='ltr'>c.</span> <span class='ocrx_word' id='word_1_316' title='bbox 2634 3178 2686 3229; x_wconf 89' lang='lat' dir='ltr'>p.</span> <span class='ocrx_word' id='word_1_317' title='bbox 2727 3159 2849 3214; x_wconf 88' lang='grc'><strong>740.</strong></span> <span class='ocrx_word' id='word_1_318' title='bbox 2887 3177 2970 3251; x_wconf 80' lang='lat' dir='ltr'>sq.</span> 
     </span>
    </p>

    <p class='ocr_par' dir='ltr' id='par_1_11' title="bbox 298 3238 2971 3711">
     <span class='ocr_line' id='line_1_31' title="bbox 489 3238 2970 3309; baseline 0 -15"><span class='ocrx_word' id='word_1_319' title='bbox 489 3240 512 3275; x_wconf 79' lang='lat'>⁹</span> <span class='ocrx_word' id='word_1_320' title='bbox 550 3238 636 3294; x_wconf 88' lang='lat' dir='ltr'>Gl.</span> <span class='ocrx_word' id='word_1_321' title='bbox 677 3239 746 3292; x_wconf 89' lang='lat' dir='ltr'>ad</span> <span class='ocrx_word' id='word_1_322' title='bbox 783 3239 836 3292; x_wconf 92' lang='lat' dir='ltr'>h.</span> <span class='ocrx_word' id='word_1_323' title='bbox 874 3239 1007 3293; x_wconf 92' lang='lat' dir='ltr'>bull.</span> <span class='ocrx_word' id='word_1_324' title='bbox 1046 3257 1100 3293; x_wconf 91' lang='lat' dir='ltr'>v.</span> <span class='ocrx_word' id='word_1_325' title='bbox 1138 3243 1199 3292; x_wconf 80' lang='lat' dir='ltr'>in</span> <span class='ocrx_word' id='word_1_326' title='bbox 1235 3247 1374 3293; x_wconf 85' lang='lat' dir='ltr'>toto:</span> <span class='ocrx_word' id='word_1_327' title='bbox 1429 3240 1537 3305; x_wconf 80' lang='lat' dir='ltr'>„Ut</span> <span class='ocrx_word' id='word_1_328' title='bbox 1585 3241 1741 3309; x_wconf 90' lang='lat' dir='ltr'>patet</span> <span class='ocrx_word' id='word_1_329' title='bbox 1788 3238 1845 3292; x_wconf 92' lang='lat' dir='ltr'>in</span> <span class='ocrx_word' id='word_1_330' title='bbox 1880 3238 2158 3293; x_wconf 89' lang='lat' dir='ltr'>Decretali</span> <span class='ocrx_word' id='word_1_331' title='bbox 2194 3239 2494 3293; x_wconf 83' lang='lat' dir='ltr'>Innocentii</span> <span class='ocrx_word' id='word_1_332' title='bbox 2529 3239 2624 3294; x_wconf 92' lang='lat' dir='ltr'>IV.</span> <span class='ocrx_word' id='word_1_333' title='bbox 2640 3281 2655 3305; x_wconf 93' lang='lat'><strong>,</strong></span> <span class='ocrx_word' id='word_1_334' title='bbox 2708 3257 2847 3309; x_wconf 88' lang='lat' dir='ltr'>quae</span> <span class='ocrx_word' id='word_1_335' title='bbox 2891 3240 2970 3294; x_wconf 90' lang='lat' dir='ltr'>in-</span> 
     </span>
     <span class='ocr_line' id='line_1_32' title="bbox 309 3318 2970 3390; baseline 0 -16"><span class='ocrx_word' id='word_1_336' title='bbox 309 3318 575 3390; x_wconf 91' lang='lat' dir='ltr'>cipiebat.</span> <span class='ocrx_word' id='word_1_337' title='bbox 628 3320 805 3373; x_wconf 73' lang='lat' dir='ltr'>Grave</span> <span class='ocrx_word' id='word_1_338' title='bbox 842 3323 1035 3388; x_wconf 73' lang='lat' dir='ltr'>nimie,</span> <span class='ocrx_word' id='word_1_339' title='bbox 1074 3337 1214 3388; x_wconf 83' lang='lat' dir='ltr'>quae</span> <span class='ocrx_word' id='word_1_340' title='bbox 1250 3337 1349 3390; x_wconf 90' lang='lat' dir='ltr'>per</span> <span class='ocrx_word' id='word_1_341' title='bbox 1382 3318 1573 3373; x_wconf 89' lang='lat' dir='ltr'>brevia</span> <span class='ocrx_word' id='word_1_342' title='bbox 1610 3320 1780 3373; x_wconf 87' lang='lat' dir='ltr'>verba</span> <span class='ocrx_word' id='word_1_343' title='bbox 1817 3318 2035 3389; x_wconf 89' lang='lat' dir='ltr'>ponitur</span> <span class='ocrx_word' id='word_1_344' title='bbox 2072 3337 2138 3371; x_wconf 83' lang='lat' dir='ltr'>ne</span> <span class='ocrx_word' id='word_1_345' title='bbox 2175 3321 2297 3372; x_wconf 84' lang='lat' dir='ltr'>cler.</span> <span class='ocrx_word' id='word_1_346' title='bbox 2334 3321 2414 3372; x_wconf 87' lang='lat' dir='ltr'>vel</span> <span class='ocrx_word' id='word_1_347' title='bbox 2449 3337 2589 3373; x_wconf 83' lang='lat' dir='ltr'>mon.</span> <span class='ocrx_word' id='word_1_348' title='bbox 2630 3337 2675 3374; x_wconf 94' lang='grc'>6.</span> <span class='ocrx_word' id='word_1_349' title='bbox 2715 3320 2764 3374; x_wconf 96' lang='grc'><strong>2.</strong></span> <span class='ocrx_word' id='word_1_350' title='bbox 2809 3319 2879 3389; x_wconf 92' lang='grc'>(6.</span> <span class='ocrx_word' id='word_1_351' title='bbox 2917 3320 2970 3375; x_wconf 91' lang='grc'><strong>2.</strong></span> 
     </span>
     <span class='ocr_line' id='line_1_33' title="bbox 298 3398 2970 3470; baseline 0 -16"><span class='ocrx_word' id='word_1_352' title='bbox 298 3399 391 3454; x_wconf 83' lang='grc' dir='ltr'><strong>’Ν6</strong></span> <span class='ocrx_word' id='word_1_353' title='bbox 416 3400 544 3454; x_wconf 90' lang='lat' dir='ltr'>cler.</span> <span class='ocrx_word' id='word_1_354' title='bbox 571 3400 663 3454; x_wconf 89' lang='lat' dir='ltr'>vel</span> <span class='ocrx_word' id='word_1_355' title='bbox 699 3399 947 3454; x_wconf 88' lang='lat' dir='ltr'>monach.</span> <span class='ocrx_word' id='word_1_356' title='bbox 973 3400 1067 3454; x_wconf 93' lang='grc' dir='ltr'>ΠΙ.</span> <span class='ocrx_word' id='word_1_357' title='bbox 1094 3399 1238 3469; x_wconf 88' lang='grc'><strong>24.)·</strong></span> <span class='ocrx_word' id='word_1_358' title='bbox 1226 3443 1238 3464; x_wconf 93' lang='grc'><strong>,</strong></span> <span class='ocrx_word' id='word_1_359' title='bbox 1279 3403 1335 3454; x_wconf 90' lang='lat' dir='ltr'>et</span> <span class='ocrx_word' id='word_1_360' title='bbox 1366 3418 1462 3470; x_wconf 90' lang='lat' dir='ltr'>per</span> <span class='ocrx_word' id='word_1_361' title='bbox 1500 3399 1845 3464; x_wconf 86' lang='lat' dir='ltr'>decretalem,</span> <span class='ocrx_word' id='word_1_362' title='bbox 1884 3417 2024 3468; x_wconf 91' lang='lat' dir='ltr'>quae</span> <span class='ocrx_word' id='word_1_363' title='bbox 2061 3398 2190 3453; x_wconf 91' lang='lat' dir='ltr'>olim</span> <span class='ocrx_word' id='word_1_364' title='bbox 2227 3398 2548 3469; x_wconf 87' lang='lat' dir='ltr'>incipiebat:</span> <span class='ocrx_word' id='word_1_365' title='bbox 2588 3402 2741 3454; x_wconf 80' lang='lat' dir='ltr'>Sicut</span> <span class='ocrx_word' id='word_1_366' title='bbox 2776 3403 2970 3470; x_wconf 78' lang='lat' dir='ltr'>dilecti,</span> 
     </span>
     <span class='ocr_line' id='line_1_34' title="bbox 309 3479 2970 3551; baseline 0 -16"><span class='ocrx_word' id='word_1_367' title='bbox 309 3498 450 3550; x_wconf 87' lang='lat' dir='ltr'>quae</span> <span class='ocrx_word' id='word_1_368' title='bbox 486 3499 585 3551; x_wconf 90' lang='lat' dir='ltr'>per</span> <span class='ocrx_word' id='word_1_369' title='bbox 634 3480 825 3535; x_wconf 89' lang='lat' dir='ltr'>brevia</span> <span class='ocrx_word' id='word_1_370' title='bbox 875 3481 1046 3535; x_wconf 89' lang='lat' dir='ltr'>verba</span> <span class='ocrx_word' id='word_1_371' title='bbox 1092 3481 1310 3551; x_wconf 90' lang='lat' dir='ltr'>ponitur</span> <span class='ocrx_word' id='word_1_372' title='bbox 1360 3483 1516 3548; x_wconf 78' lang='lat' dir='ltr'>infra</span> <span class='ocrx_word' id='word_1_373' title='bbox 1567 3483 1631 3533; x_wconf 84' lang='lat' dir='ltr'>de</span> <span class='ocrx_word' id='word_1_374' title='bbox 1682 3482 1820 3534; x_wconf 84' lang='lat' dir='ltr'>elect.</span> <span class='ocrx_word' id='word_1_375' title='bbox 1860 3498 1902 3534; x_wconf 86' lang='lat' dir='ltr'>e.</span> <span class='ocrx_word' id='word_1_376' title='bbox 1939 3488 2197 3533; x_wconf 66' lang='lat' dir='ltr'>statutum</span> <span class='ocrx_word' id='word_1_377' title='bbox 2240 3479 2296 3549; x_wconf 89' lang='lat' dir='ltr'>(i.</span> <span class='ocrx_word' id='word_1_378' title='bbox 2337 3497 2383 3534; x_wconf 97' lang='grc'><strong>6.</strong></span> <span class='ocrx_word' id='word_1_379' title='bbox 2423 3498 2541 3551; x_wconf 91' lang='lat' dir='ltr'>cap.</span> <span class='ocrx_word' id='word_1_380' title='bbox 2580 3481 2667 3534; x_wconf 85' lang='lat'>22.</span> <span class='ocrx_word' id='word_1_381' title='bbox 2709 3481 2776 3535; x_wconf 91' lang='lat' dir='ltr'>de</span> <span class='ocrx_word' id='word_1_382' title='bbox 2812 3482 2970 3536; x_wconf 87' lang='lat' dir='ltr'>elect.</span> 
     </span>
     <span class='ocr_line' id='line_1_35' title="bbox 304 3559 2971 3631; baseline 0 -15"><span class='ocrx_word' id='word_1_383' title='bbox 304 3561 351 3616; x_wconf 90' lang='grc' dir='ltr'>Ι.</span> <span class='ocrx_word' id='word_1_384' title='bbox 392 3560 466 3630; x_wconf 93' lang='lat'>6.)</span> <span class='ocrx_word' id='word_1_385' title='bbox 488 3604 502 3626; x_wconf 96' lang='lat'><strong>,</strong></span> <span class='ocrx_word' id='word_1_386' title='bbox 549 3563 606 3615; x_wconf 89' lang='lat' dir='ltr'>et</span> <span class='ocrx_word' id='word_1_387' title='bbox 640 3560 699 3613; x_wconf 92' lang='lat' dir='ltr'>in</span> <span class='ocrx_word' id='word_1_388' title='bbox 735 3560 997 3615; x_wconf 86' lang='lat' dir='ltr'>decretali</span> <span class='ocrx_word' id='word_1_389' title='bbox 1033 3560 1176 3615; x_wconf 78' lang='lat' dir='ltr'>infra</span> <span class='ocrx_word' id='word_1_390' title='bbox 1214 3562 1280 3615; x_wconf 90' lang='lat' dir='ltr'>de</span> <span class='ocrx_word' id='word_1_391' title='bbox 1316 3563 1628 3615; x_wconf 89' lang='lat' dir='ltr'>testament.</span> <span class='ocrx_word' id='word_1_392' title='bbox 1669 3578 1715 3614; x_wconf 94' lang='grc'>6.</span> <span class='ocrx_word' id='word_1_393' title='bbox 1757 3561 1805 3615; x_wconf 94' lang='grc'>1.</span> <span class='ocrx_word' id='word_1_394' title='bbox 1848 3559 1917 3628; x_wconf 88' lang='grc'>(6.</span> <span class='ocrx_word' id='word_1_395' title='bbox 1959 3560 2006 3614; x_wconf 91' lang='grc'>1.</span> <span class='ocrx_word' id='word_1_396' title='bbox 2046 3560 2113 3613; x_wconf 87' lang='grc'>(16</span> <span class='ocrx_word' id='word_1_397' title='bbox 2148 3563 2462 3615; x_wconf 89' lang='lat' dir='ltr'>testament.</span> <span class='ocrx_word' id='word_1_398' title='bbox 2499 3561 2595 3615; x_wconf 91' lang='grc' dir='ltr'>ΠΙ.</span> <span class='ocrx_word' id='word_1_399' title='bbox 2636 3561 2746 3630; x_wconf 94' lang='grc'><strong>11.)</strong></span> <span class='ocrx_word' id='word_1_400' title='bbox 2766 3603 2779 3627; x_wconf 95' lang='grc'><strong>,</strong></span> <span class='ocrx_word' id='word_1_401' title='bbox 2831 3579 2971 3631; x_wconf 87' lang='lat' dir='ltr'>quae</span> 
     </span>
     <span class='ocr_line' id='line_1_36' title="bbox 309 3640 2451 3711; baseline -0.001 -16"><span class='ocrx_word' id='word_1_402' title='bbox 309 3640 441 3696; x_wconf 90' lang='lat' dir='ltr'>olim</span> <span class='ocrx_word' id='word_1_403' title='bbox 478 3640 796 3710; x_wconf 84' lang='lat' dir='ltr'>incipiebat:</span> <span class='ocrx_word' id='word_1_404' title='bbox 837 3644 1078 3696; x_wconf 74' lang='lat' dir='ltr'>Joannes</span> <span class='ocrx_word' id='word_1_405' title='bbox 1115 3644 1521 3710; x_wconf 73' lang='lat' dir='ltr'>Franyiapani,</span> <span class='ocrx_word' id='word_1_406' title='bbox 1560 3641 1949 3708; x_wconf 82' lang='lat' dir='ltr'>Extravagans</span> <span class='ocrx_word' id='word_1_407' title='bbox 1987 3640 2288 3711; x_wconf 70' lang='lat' dir='ltr'>Imopentii</span> <span class='ocrx_word' id='word_1_408' title='bbox 2325 3640 2451 3694; x_wconf 87' lang='lat' dir='ltr'>IV.“</span> 
     </span>
    </p>

    <p class='ocr_par' dir='ltr' id='par_1_12' title="bbox 311 3720 2969 3871">
     <span class='ocr_line' id='line_1_37' title="bbox 472 3720 2969 3791; baseline 0.001 -17"><span class='ocrx_word' id='word_1_409' title='bbox 472 3724 515 3758; x_wconf 89' lang='lat'>¹⁰</span> <span class='ocrx_word' id='word_1_410' title='bbox 550 3721 638 3775; x_wconf 91' lang='lat' dir='ltr'>Ad</span> <span class='ocrx_word' id='word_1_411' title='bbox 675 3722 819 3790; x_wconf 90' lang='lat' dir='ltr'>quod</span> <span class='ocrx_word' id='word_1_412' title='bbox 856 3722 929 3788; x_wconf 89' lang='lat' dir='ltr'>gl.</span> <span class='ocrx_word' id='word_1_413' title='bbox 969 3740 1023 3777; x_wconf 87' lang='lat' dir='ltr'>v.</span> <span class='ocrx_word' id='word_1_414' title='bbox 1060 3726 1280 3775; x_wconf 77' lang='lat' dir='ltr'>mutatis</span> <span class='ocrx_word' id='word_1_415' title='bbox 1328 3724 1511 3776; x_wconf 89' lang='lat' dir='ltr'>notat:</span> <span class='ocrx_word' id='word_1_416' title='bbox 1569 3721 1749 3788; x_wconf 83' lang='lat' dir='ltr'>„Infra</span> <span class='ocrx_word' id='word_1_417' title='bbox 1786 3721 1853 3774; x_wconf 90' lang='lat' dir='ltr'>de</span> <span class='ocrx_word' id='word_1_418' title='bbox 1896 3720 2144 3791; x_wconf 90' lang='lat' dir='ltr'>rescript.</span> <span class='ocrx_word' id='word_1_419' title='bbox 2184 3738 2229 3775; x_wconf 89' lang='lat' dir='ltr'>c.</span> <span class='ocrx_word' id='word_1_420' title='bbox 2268 3723 2568 3774; x_wconf 85' lang='lat' dir='ltr'>statutum“</span> <span class='ocrx_word' id='word_1_421' title='bbox 2616 3720 2674 3790; x_wconf 92' lang='lat' dir='ltr'>(i.</span> <span class='ocrx_word' id='word_1_422' title='bbox 2712 3739 2759 3775; x_wconf 93' lang='lat' dir='ltr'>e.</span> <span class='ocrx_word' id='word_1_423' title='bbox 2798 3739 2845 3776; x_wconf 92' lang='lat' dir='ltr'>c.</span> <span class='ocrx_word' id='word_1_424' title='bbox 2886 3722 2969 3776; x_wconf 91' lang='grc'>11.</span> 
     </span>
     <span class='ocr_line' id='line_1_38' title="bbox 311 3801 882 3871; baseline 0 -15"><span class='ocrx_word' id='word_1_425' title='bbox 311 3803 378 3856; x_wconf 86' lang='grc'>(16</span> <span class='ocrx_word' id='word_1_426' title='bbox 415 3801 666 3871; x_wconf 88' lang='lat' dir='ltr'>rescript.</span> <span class='ocrx_word' id='word_1_427' title='bbox 704 3801 746 3855; x_wconf 99' lang='grc' dir='ltr'>Ι.</span> <span class='ocrx_word' id='word_1_428' title='bbox 787 3801 882 3869; x_wconf 86' lang='grc'><strong>3.).</strong></span> 
     </span>
    </p>

    <p class='ocr_par' dir='ltr' id='par_1_13' title="bbox 305 3879 2974 4592">
     <span class='ocr_line' id='line_1_39' title="bbox 469 3879 2971 3953; baseline 0 -19"><span class='ocrx_word' id='word_1_429' title='bbox 469 3884 512 3918; x_wconf 86' lang='lat'>¹¹</span> <span class='ocrx_word' id='word_1_430' title='bbox 552 3880 759 3946; x_wconf 85' lang='lat' dir='ltr'>Quibus</span> <span class='ocrx_word' id='word_1_431' title='bbox 807 3881 866 3934; x_wconf 93' lang='lat' dir='ltr'>in</span> <span class='ocrx_word' id='word_1_432' title='bbox 915 3881 1250 3953; x_wconf 89' lang='lat' dir='ltr'>oppositione</span> <span class='ocrx_word' id='word_1_433' title='bbox 1301 3882 1371 3937; x_wconf 90' lang='lat' dir='ltr'>ad</span> <span class='ocrx_word' id='word_1_434' title='bbox 1420 3881 1860 3936; x_wconf 83' lang='lat' dir='ltr'>abbreviationes</span> <span class='ocrx_word' id='word_1_435' title='bbox 1910 3879 2161 3951; x_wconf 85' lang='lat' dir='ltr'>superius</span> <span class='ocrx_word' id='word_1_436' title='bbox 2209 3883 2539 3935; x_wconf 90' lang='lat' dir='ltr'>memoratas</span> <span class='ocrx_word' id='word_1_437' title='bbox 2580 3880 2971 3948; x_wconf 88' lang='lat' dir='ltr'>intelligendae</span> 
     </span>
     <span class='ocr_line' id='line_1_40' title="bbox 308 3960 2971 4032; baseline -0 -15"><span class='ocrx_word' id='word_1_438' title='bbox 308 3965 440 4017; x_wconf 88' lang='lat' dir='ltr'>sunt</span> <span class='ocrx_word' id='word_1_439' title='bbox 474 3961 605 4014; x_wconf 80' lang='lat' dir='ltr'>illae</span> <span class='ocrx_word' id='word_1_440' title='bbox 641 3979 838 4015; x_wconf 89' lang='lat' dir='ltr'>vocum</span> <span class='ocrx_word' id='word_1_441' title='bbox 875 3962 1210 4027; x_wconf 88' lang='lat' dir='ltr'>omissiones,</span> <span class='ocrx_word' id='word_1_442' title='bbox 1249 3980 1388 4031; x_wconf 89' lang='lat' dir='ltr'>quae</span> <span class='ocrx_word' id='word_1_443' title='bbox 1425 3978 1648 4016; x_wconf 88' lang='lat' dir='ltr'>sensum</span> <span class='ocrx_word' id='word_1_444' title='bbox 1683 3960 2065 4032; x_wconf 90' lang='lat' dir='ltr'>propositionis</span> <span class='ocrx_word' id='word_1_445' title='bbox 2103 3963 2334 4015; x_wconf 88' lang='lat' dir='ltr'>mutant.</span> <span class='ocrx_word' id='word_1_446' title='bbox 2398 3962 2509 4015; x_wconf 82' lang='lat' dir='ltr'>Cfr.</span> <span class='ocrx_word' id='word_1_447' title='bbox 2548 3962 2624 4029; x_wconf 89' lang='lat' dir='ltr'>gl.</span> <span class='ocrx_word' id='word_1_448' title='bbox 2663 3962 2732 4015; x_wconf 94' lang='lat' dir='ltr'>ad</span> <span class='ocrx_word' id='word_1_449' title='bbox 2756 3961 2810 4015; x_wconf 88' lang='lat' dir='ltr'>h.</span> <span class='ocrx_word' id='word_1_450' title='bbox 2837 3961 2971 4016; x_wconf 87' lang='lat' dir='ltr'>buu.</span> 
     </span>
     <span class='ocr_line' id='line_1_41' title="bbox 308 4040 2974 4110; baseline -0.001 -13"><span class='ocrx_word' id='word_1_451' title='bbox 308 4061 364 4097; x_wconf 79' lang='lat' dir='ltr'>v,</span> <span class='ocrx_word' id='word_1_452' title='bbox 403 4043 823 4096; x_wconf 75' lang='lat' dir='ltr'>detractionibus</span> <span class='ocrx_word' id='word_1_453' title='bbox 859 4045 916 4095; x_wconf 89' lang='lat' dir='ltr'>et</span> <span class='ocrx_word' id='word_1_454' title='bbox 952 4041 1027 4110; x_wconf 90' lang='lat' dir='ltr'>gl.</span> <span class='ocrx_word' id='word_1_455' title='bbox 1066 4043 1137 4096; x_wconf 88' lang='lat' dir='ltr'>ad</span> <span class='ocrx_word' id='word_1_456' title='bbox 1175 4060 1220 4097; x_wconf 91' lang='grc'>6.</span> <span class='ocrx_word' id='word_1_457' title='bbox 1257 4043 1310 4097; x_wconf 88' lang='lat'>4.</span> <span class='ocrx_word' id='word_1_458' title='bbox 1350 4043 1416 4096; x_wconf 91' lang='lat' dir='ltr'>de</span> <span class='ocrx_word' id='word_1_459' title='bbox 1466 4045 1604 4096; x_wconf 89' lang='lat' dir='ltr'>sent.</span> <span class='ocrx_word' id='word_1_460' title='bbox 1653 4059 1916 4095; x_wconf 85' lang='lat' dir='ltr'>excomm.</span> <span class='ocrx_word' id='word_1_461' title='bbox 1967 4040 2026 4095; x_wconf 89' lang='lat' dir='ltr'>in</span> <span class='ocrx_word' id='word_1_462' title='bbox 2062 4040 2213 4095; x_wconf 85' lang='lat' dir='ltr'>Sext.</span> <span class='ocrx_word' id='word_1_463' title='bbox 2251 4041 2320 4095; x_wconf 91' lang='lat' dir='ltr'>V.</span> <span class='ocrx_word' id='word_1_464' title='bbox 2361 4042 2443 4095; x_wconf 87' lang='lat'>11.</span> <span class='ocrx_word' id='word_1_465' title='bbox 2483 4059 2537 4095; x_wconf 92' lang='lat' dir='ltr'>v.</span> <span class='ocrx_word' id='word_1_466' title='bbox 2575 4043 2640 4094; x_wconf 85' lang='lat' dir='ltr'>de</span> <span class='ocrx_word' id='word_1_467' title='bbox 2681 4045 2974 4110; x_wconf 75' lang='lat' dir='ltr'>episeopie;</span> 
     </span>
     <span class='ocr_line' id='line_1_42' title="bbox 309 4121 2973 4273; baseline -0 -16"><span class='ocrx_word' id='word_1_468' title='bbox 309 4121 1192 4270; x_wconf 43' lang='grc' dir='ltr'>Εσῆαῑίιᾷρῗῖυξθζῗέῧξὲῗιῃῖῗιὶ</span> <span class='ocrx_word' id='word_1_469' title='bbox 1218 4121 1955 4273; x_wconf 45' lang='grc' dir='ltr'>Ἑθέἐίἓθῒῗιῗῇεὲίὲυξοέἕέ</span> <span class='ocrx_word' id='word_1_470' title='bbox 1971 4122 2258 4271; x_wconf 35' lang='grc' dir='ltr'><strong>,ΠΖῂαΡῙαζα</strong></span> <span class='ocrx_word' id='word_1_471' title='bbox 2293 4203 2583 4269; x_wconf 77' lang='lat' dir='ltr'>Bonifacio</span> <span class='ocrx_word' id='word_1_472' title='bbox 2619 4203 2771 4256; x_wconf 86' lang='lat' dir='ltr'>VHI.</span> <span class='ocrx_word' id='word_1_473' title='bbox 2822 4205 2973 4256; x_wconf 89' lang='lat' dir='ltr'>recte</span> 
     </span>
     <span class='ocr_line' id='line_1_43' title="bbox 305 4281 2971 4353; baseline -0 -15"><span class='ocrx_word' id='word_1_474' title='bbox 305 4287 441 4339; x_wconf 91' lang='lat' dir='ltr'>tunc</span> <span class='ocrx_word' id='word_1_475' title='bbox 455 4326 469 4349; x_wconf 93' lang='lat'><strong>,</strong></span> <span class='ocrx_word' id='word_1_476' title='bbox 507 4301 676 4353; x_wconf 89' lang='lat' dir='ltr'>quum</span> <span class='ocrx_word' id='word_1_477' title='bbox 711 4282 848 4337; x_wconf 88' lang='lat' dir='ltr'>haec</span> <span class='ocrx_word' id='word_1_478' title='bbox 886 4283 1131 4337; x_wconf 90' lang='lat' dir='ltr'>collectio</span> <span class='ocrx_word' id='word_1_479' title='bbox 1169 4283 1550 4347; x_wconf 88' lang='lat' dir='ltr'>adornaretur,</span> <span class='ocrx_word' id='word_1_480' title='bbox 1595 4282 1775 4336; x_wconf 83' lang='lat' dir='ltr'>editae</span> <span class='ocrx_word' id='word_1_481' title='bbox 1791 4324 1805 4347; x_wconf 93' lang='lat'><strong>,</strong></span> <span class='ocrx_word' id='word_1_482' title='bbox 1843 4282 1913 4336; x_wconf 92' lang='lat' dir='ltr'>ad</span> <span class='ocrx_word' id='word_1_483' title='bbox 1948 4281 2126 4336; x_wconf 88' lang='lat' dir='ltr'>instar</span> <span class='ocrx_word' id='word_1_484' title='bbox 2162 4281 2609 4336; x_wconf 89' lang='lat' dir='ltr'>constitutionum</span> <span class='ocrx_word' id='word_1_485' title='bbox 2644 4281 2971 4353; x_wconf 85' lang='lat' dir='ltr'>hujusmodi,</span> 
     </span>
     <span class='ocr_line' id='line_1_44' title="bbox 307 4362 2969 4512; baseline -0 -14"><span class='ocrx_word' id='word_1_486' title='bbox 307 4382 343 4419; x_wconf 70' lang='lat'>³</span> <span class='ocrx_word' id='word_1_487' title='bbox 379 4365 533 4479; x_wconf 50' lang='lat' dir='ltr'>Paga</span> <span class='ocrx_word' id='word_1_488' title='bbox 548 4363 1489 4511; x_wconf 33' lang='lat' dir='ltr'>Sgreggllffctizffnisedgssangg.</span> <span class='ocrx_word' id='word_1_489' title='bbox 1520 4380 1782 4511; x_wconf 46' lang='lat' dir='ltr'>gdpssug</span> <span class='ocrx_word' id='word_1_490' title='bbox 1823 4362 2298 4512; x_wconf 51' lang='grc'><strong>119126836111116111.</strong></span> <span class='ocrx_word' id='word_1_491' title='bbox 2371 4442 2459 4495; x_wconf 92' lang='lat' dir='ltr'>Ad</span> <span class='ocrx_word' id='word_1_492' title='bbox 2504 4442 2649 4510; x_wconf 90' lang='lat' dir='ltr'>quod</span> <span class='ocrx_word' id='word_1_493' title='bbox 2692 4442 2769 4510; x_wconf 82' lang='lat' dir='ltr'>gl.</span> <span class='ocrx_word' id='word_1_494' title='bbox 2808 4443 2878 4497; x_wconf 89' lang='lat' dir='ltr'>ad</span> <span class='ocrx_word' id='word_1_495' title='bbox 2913 4441 2969 4497; x_wconf 90' lang='lat' dir='ltr'>h.</span> 
     </span>
     <span class='ocr_line' id='line_1_45' title="bbox 306 4521 2676 4592; baseline -0.001 -13"><span class='ocrx_word' id='word_1_496' title='bbox 306 4524 442 4579; x_wconf 88' lang='lat' dir='ltr'>bull.</span> <span class='ocrx_word' id='word_1_497' title='bbox 480 4544 535 4580; x_wconf 87' lang='lat' dir='ltr'>v.</span> <span class='ocrx_word' id='word_1_498' title='bbox 573 4528 744 4579; x_wconf 77' lang='lat' dir='ltr'>titulis</span> <span class='ocrx_word' id='word_1_499' title='bbox 757 4545 776 4577; x_wconf 89' lang='lat'>.·</span> <span class='ocrx_word' id='word_1_500' title='bbox 817 4524 1036 4590; x_wconf 85' lang='lat' dir='ltr'>„Nota,“</span> <span class='ocrx_word' id='word_1_501' title='bbox 1080 4523 1273 4592; x_wconf 91' lang='lat' dir='ltr'>inquit,</span> <span class='ocrx_word' id='word_1_502' title='bbox 1318 4522 1593 4589; x_wconf 81' lang='lat' dir='ltr'>„rubricas</span> <span class='ocrx_word' id='word_1_503' title='bbox 1636 4523 1736 4591; x_wconf 92' lang='lat' dir='ltr'>(sc.</span> <span class='ocrx_word' id='word_1_504' title='bbox 1774 4521 2082 4591; x_wconf 91' lang='lat' dir='ltr'>titulorum)</span> <span class='ocrx_word' id='word_1_505' title='bbox 2126 4540 2247 4577; x_wconf 88' lang='lat' dir='ltr'>esse</span> <span class='ocrx_word' id='word_1_506' title='bbox 2283 4522 2676 4576; x_wconf 84' lang='lat' dir='ltr'>authenticas.“</span> 
     </span>
    </p>

    <p class='ocr_par' dir='ltr' id='par_1_14' title="bbox 469 4601 2829 4674">
     <span class='ocr_line' id='line_1_46' title="bbox 469 4601 2829 4674; baseline -0.001 -14"><span class='ocrx_word' id='word_1_507' title='bbox 469 4608 512 4642; x_wconf 76' lang='lat'>¹⁴</span> <span class='ocrx_word' id='word_1_508' title='bbox 547 4605 633 4660; x_wconf 89' lang='lat' dir='ltr'>Sc.</span> <span class='ocrx_word' id='word_1_509' title='bbox 670 4605 1056 4670; x_wconf 89' lang='lat' dir='ltr'>Decretalium,</span> <span class='ocrx_word' id='word_1_510' title='bbox 1093 4604 1176 4658; x_wconf 91' lang='lat' dir='ltr'>uti</span> <span class='ocrx_word' id='word_1_511' title='bbox 1210 4606 1367 4658; x_wconf 89' lang='lat' dir='ltr'>notat</span> <span class='ocrx_word' id='word_1_512' title='bbox 1402 4604 1477 4671; x_wconf 88' lang='lat' dir='ltr'>gl.</span> <span class='ocrx_word' id='word_1_513' title='bbox 1516 4605 1633 4659; x_wconf 89' lang='lat' dir='ltr'>sub.</span> <span class='ocrx_word' id='word_1_514' title='bbox 1672 4604 1727 4658; x_wconf 90' lang='lat' dir='ltr'>h.</span> <span class='ocrx_word' id='word_1_515' title='bbox 1766 4622 1838 4668; x_wconf 93' lang='lat' dir='ltr'>v.,</span> <span class='ocrx_word' id='word_1_516' title='bbox 1876 4606 1933 4657; x_wconf 92' lang='lat' dir='ltr'>et</span> <span class='ocrx_word' id='word_1_517' title='bbox 1969 4601 2189 4672; x_wconf 89' lang='lat' dir='ltr'>quidem</span> <span class='ocrx_word' id='word_1_518' title='bbox 2225 4604 2409 4674; x_wconf 88' lang='lat' dir='ltr'>Papae</span> <span class='ocrx_word' id='word_1_519' title='bbox 2448 4602 2699 4670; x_wconf 82' lang='lat' dir='ltr'>Gregorii</span> <span class='ocrx_word' id='word_1_520' title='bbox 2733 4603 2829 4658; x_wconf 90' lang='lat' dir='ltr'>IX.</span> 
     </span>
    </p>

    <p class='ocr_par' dir='ltr' id='par_1_15' title="bbox 466 4684 2050 4752">
     <span class='ocr_line' id='line_1_47' title="bbox 466 4684 2050 4752; baseline -0.003 -12"><span class='ocrx_word' id='word_1_521' title='bbox 466 4688 512 4723; x_wconf 80' lang='lat'>¹⁵</span> <span class='ocrx_word' id='word_1_522' title='bbox 549 4685 659 4740; x_wconf 81' lang='lat' dir='ltr'>cfr.</span> <span class='ocrx_word' id='word_1_523' title='bbox 698 4685 772 4752; x_wconf 90' lang='lat' dir='ltr'>gl.</span> <span class='ocrx_word' id='word_1_524' title='bbox 811 4686 880 4740; x_wconf 91' lang='lat' dir='ltr'>ad</span> <span class='ocrx_word' id='word_1_525' title='bbox 917 4685 970 4740; x_wconf 90' lang='lat' dir='ltr'>h.</span> <span class='ocrx_word' id='word_1_526' title='bbox 1009 4684 1140 4740; x_wconf 91' lang='lat' dir='ltr'>bull.</span> <span class='ocrx_word' id='word_1_527' title='bbox 1178 4702 1232 4739; x_wconf 93' lang='lat' dir='ltr'>v.</span> <span class='ocrx_word' id='word_1_528' title='bbox 1269 4687 1547 4737; x_wconf 80' lang='lat' dir='ltr'>senarium</span> <span class='ocrx_word' id='word_1_529' title='bbox 1584 4687 1641 4738; x_wconf 92' lang='lat' dir='ltr'>et</span> <span class='ocrx_word' id='word_1_530' title='bbox 1675 4703 1730 4738; x_wconf 88' lang='lat' dir='ltr'>v.</span> <span class='ocrx_word' id='word_1_531' title='bbox 1765 4686 2050 4752; x_wconf 63' lang='lat' dir='ltr'>perfectus.</span> 
     </span>
    </p>

    <p class='ocr_par' dir='ltr' id='par_1_16' title="bbox 467 4763 1752 4835">
     <span class='ocr_line' id='line_1_48' title="bbox 467 4763 1752 4835; baseline -0.001 -15"><span class='ocrx_word' id='word_1_532' title='bbox 467 4767 510 4803; x_wconf 78' lang='lat'>¹⁶</span> <span class='ocrx_word' id='word_1_533' title='bbox 547 4765 632 4820; x_wconf 89' lang='lat' dir='ltr'>Sc.</span> <span class='ocrx_word' id='word_1_534' title='bbox 673 4765 832 4821; x_wconf 90' lang='lat' dir='ltr'>Libro</span> <span class='ocrx_word' id='word_1_535' title='bbox 871 4766 1037 4820; x_wconf 86' lang='lat' dir='ltr'>Sexto</span> <span class='ocrx_word' id='word_1_536' title='bbox 1075 4766 1258 4835; x_wconf 87' lang='lat' dir='ltr'>Papae</span> <span class='ocrx_word' id='word_1_537' title='bbox 1296 4763 1564 4818; x_wconf 85' lang='lat' dir='ltr'>Bonifacii</span> <span class='ocrx_word' id='word_1_538' title='bbox 1602 4764 1752 4819; x_wconf 89' lang='lat' dir='ltr'>VIII.</span> 
     </span>
    </p>
   </div>
  </div>
 </body>
</html>
