3355 5328
1403 301 1583 357 Sectio
1618 302 1687 356 II.
1738 301 1771 369 ἓ
1811 301 1895 355 72.
2876 302 2976 357 131

491 484 548 528 0.
598 465 658 528 4.
707 457 787 529 Χ.
839 463 920 529 (10
967 467 1384 544 consuetud.;

496 581 549 626 c.
599 560 856 636 Quanto
904 563 965 627 4.
1014 563 1093 628 X.
1145 564 1226 629 de
1273 564 1688 639 consuetud.;

497 679 636 742 cap.
689 661 747 725 2.
798 658 919 735 Qui
966 659 1119 726 cler.
1167 662 1277 726 vel
1324 666 1590 728 vovent.

496 765 772 830 Numeri
817 765 969 831 libri
1015 770 1085 833 et
1129 771 1316 852 tituli,
1364 769 1432 833 in
1479 767 1712 850 quibus
1758 769 1939 833 locus
1987 767 2228 833 citatus
2273 766 2571 843 habetur,
2622 763 2980 847 quaerendi

308 865 475 929 sunt
519 863 588 927 in
634 858 1047 946 alphabetico
1092 864 1306 931 indice
1336 865 1745 931 rubricarum
1791 868 2136 948 titulorum,
2185 863 2294 946 qui
2324 862 2475 928 huic
2517 861 2883 928 collectioni
2914 861 2983 926 in

310 960 754 1045 peculiaribus
801 961 974 1027 foliis
1033 963 1322 1029 insertus
1383 967 1522 1041 est3
1584 963 1653 1027 in
1701 984 1827 1045 (1110
1888 963 2100 1028 indice
2160 962 2244 1027 ad
2300 961 2593 1043 singulas
2638 960 2983 1026 titulorum

310 1059 616 1124 rubricas
660 1059 916 1124 numeri
959 1060 1134 1126 illius
1181 1062 1334 1127 libri
1380 1065 1449 1127 et
1495 1065 1664 1127 tituli
1711 1060 1995 1145 appositi
2041 1064 2213 1126 sunt.

500 1165 851 1243 Quaeritur
898 1171 1120 1233 autem
1164 1167 1233 1232 in
1281 1168 1454 1234 dicto
1500 1167 1712 1232 indice
1762 1168 1991 1232 eadem
2037 1167 2313 1245 ratione,
2364 1187 2441 1231 ac
2487 1186 2687 1248 supra
2734 1163 2797 1246 (ἓ
2847 1162 2983 1247 59.)

314 1263 447 1329 hoc
491 1268 798 1347 respectu
845 1265 926 1329 de
970 1263 1182 1331 indice
1233 1268 1710 1352 Gompilationis
1744 1268 2004 1352 primae
2051 1265 2350 1330 diximus,

504 1371 645 1448 Qua
689 1371 946 1438 ratione
992 1372 1173 1456 prior
1217 1374 1507 1438 locorum
1555 1393 1757 1456 supra
1803 1372 2154 1439 citatorum
2216 1368 2622 1453 dignoscitur
2668 1368 2986 1436 contineri

320 1468 397 1533 in
441 1467 551 1534 lib.
600 1469 650 1534 I.
700 1469 804 1534 tit.
855 1470 940 1546 4.,
989 1470 1161 1535 alter
1206 1470 1274 1534 in
1319 1469 1429 1536 lib.
1478 1469 1591 1536 IV.
1641 1469 1745 1536 tit.
1798 1471 1857 1535 6.

503 1575 580 1639 111
624 1574 952 1640 nonnullis
992 1552 1393 1641 ‘editionibus
1440 1575 1744 1660 Corporis
1784 1575 1950 1660 juris
1998 1575 2292 1641 canonici
2343 1596 2462 1659 pro
2511 1574 2807 1640 omnibus
2854 1573 2987 1639 col-

316 1673 711 1739 lectionibus
759 1673 1204 1751 decretalium,
1255 1675 1340 1739 ad
1386 1674 1635 1758 Corpus
1675 1673 1842 1758 juris
1890 1673 2184 1739 canonici
2228 1673 2708 1757 pertinentibus
2736 1673 2778 1751 ¹,
2829 1695 2987 1738 eom-

317 1773 541 1836 munis
585 1771 993 1836 rubricarum
1037 1770 1381 1837 titulorum
1428 1775 1626 1837 index
1674 1771 2104 1858 alphabeticus
2158 1772 2517 1837 adornatus
2578 1774 2679 1837 est
2697 1821 2711 1849 ,
2772 1771 2870 1836 ita
2914 1774 2990 1836 ut

320 1869 721 1950 regulariter
764 1869 976 1952 prima
1024 1869 1485 1935 determinatio
1533 1870 1618 1934 ad
1663 1870 2047 1936 Decretales
2080 1870 2302 1953 Papae
2350 1870 2645 1955 G-reqorii
2690 1869 2835 1953 IX„
2885 1889 2989 1933 se-

322 1967 540 2033 cunda
587 1968 670 2032 ad
714 1967 981 2032 Librum
1028 1967 1304 2033 Sextum
1350 1968 1571 2050 Papae
1605 1968 1938 2051 Bonifaeii
1983 1968 2172 2033 VIII.
2225 1987 2280 2034 0.
2330 1989 2381 2033 s,
2430 1989 2493 2052 p.
2543 1971 2815 2050 spectet,
2864 1967 2990 2031 nisi

322 2085 643 2149 expresse
703 2065 879 2130 aliud
937 2069 1236 2142 notetur3
1306 2066 1415 2148 qui
1477 2065 1739 2148 quidem
1797 2065 1997 2130 index
2062 2065 2420 2130 communis
2483 2065 2864 2150 plerumque
2922 2064 2991 2129 in

323 2163 550 2228 fronte
594 2163 786 2247 hujus
832 2163 1235 2229 collectionis
1294 2163 1549 2247 positus
1596 2167 1719 2229 est.
1811 2164 1902 2229 Et
1946 2163 2016 2228 in
2059 2163 2184 2228 hoc
2228 2163 2439 2228 indice
2485 2183 2794 2228 numerus
2840 2162 2992 2228 libri

320 2261 785 2328 tantummodo
830 2261 900 2326 in
943 2261 1157 2346 prima
1203 2261 1751 2328 determinatione
1796 2261 2141 2338 indicatur,
2189 2261 2259 2325 in
2308 2260 2729 2343 sequentibus
2768 2265 2992 2327 autem

324 2359 659 2424 omittitur
675 2409 689 2437 ,
753 2359 905 2441 quia
962 2359 1031 2424 in
1075 2359 1177 2424 his
1224 2363 1505 2443 excepta
1553 2359 2135 2437 determinatione,
2197 2359 2570 2443 pertinente
2625 2360 2710 2424 ad
2757 2359 2990 2425 collec-

324 2456 577 2523 tionem
625 2458 864 2542 Viqinti
912 2458 1496 2542 Eaetravayantiam
1541 2458 1766 2543 Papae
1810 2459 2090 2523 Joamiis
2134 2457 2279 2522 XX
2281 2458 2371 2524 ΙΙ.
2391 2509 2408 2540 ,
2472 2479 2639 2540 quae
2696 2479 2829 2522 non
2889 2461 2992 2524 est

331 2554 546 2620 divisa
591 2554 660 2619 in
703 2557 930 2639 librae,
978 2555 1095 2620 sed
1139 2556 1596 2622 tantummodo
1642 2555 1712 2620 in
1758 2558 1968 2621 titulos
2015 2553 2185 2638 (14),
2234 2555 2407 2621 idem
2453 2559 2590 2635 est,
2641 2576 2719 2620 ac
2764 2555 2831 2620 in
2878 2556 2991 2621 de-

328 2651 796 2720 terminatione
836 2652 1068 2737 prima.

513 2760 718 2825 Porro
763 2759 833 2825 in
876 2760 988 2825 illo
1037 2761 1359 2826 communi
1405 2760 1616 2826 indice
1648 2761 2056 2826 rubricarum
2086 2760 2429 2827 titulorum
2461 2782 2677 2845 saepe,
2725 2764 2993 2844 praeter

330 2878 641 2923 numeros
687 2858 838 2923 libri
885 2861 952 2924 et
998 2860 1185 2942 tituli,
1235 2858 1436 2924 etiam
1483 2880 1794 2924 numerus
1843 2862 2139 2945 capitam,
2189 2880 2357 2942 quae
2401 2858 2706 2924 nimirum
2751 2858 2861 2923 ille
2905 2859 2992 2926 ti-

328 2956 513 3023 tulus
559 2956 915 3028 universim
962 2957 1484 3040 comprehendit,
1550 2957 1891 3041 appositus
1941 2961 2063 3024 est.
2157 2958 2237 3023 V.
2287 2979 2350 3039 g.
2399 2957 2656 3023 ratione
2701 2957 2992 3022 locorum

327 3075 535 3137 supra
581 3054 933 3120 citatorum
980 3054 1106 3120 sic:

513 3162 652 3227 Lib.
700 3162 751 3227 I.
798 3161 903 3227 tit.
954 3163 1014 3227 4.
1066 3182 1206 3245 cap.
1262 3165 1378 3238 11;

513 3265 653 3334 Lib.
701 3267 815 3333 IV.
864 3267 969 3334 tit.
1021 3269 1080 3334 6.
1135 3288 1274 3351 cap.
1328 3270 1386 3334 7.

514 3383 709 3448 Nunc
768 3384 1024 3448 numeri
1083 3384 1235 3449 libri
1282 3388 1351 3450 et
1397 3387 1565 3450 titali
1611 3385 1995 3467 plerumque
2036 3385 2174 3468 jam
2232 3384 2301 3449 in
2359 3384 2501 3467 ipso
2562 3384 2766 3449 citato
2826 3384 2992 3449 indi-

327 3484 589 3547 cantur.
683 3482 763 3547 V.
814 3501 877 3562 g.
927 3480 1183 3546 ratione
1229 3482 1520 3546 locorum
1567 3502 1767 3565 supra
1814 3481 2249 3563 allegatorum
2295 3480 2421 3546 sic:

520 3608 574 3653 0.
623 3589 684 3653 4.
733 3587 813 3653 Χ.
864 3588 945 3652 (10
992 3591 1281 3654 consuet.
1330 3589 1380 3654 I.
1432 3591 1530 3666 4.;

519 3707 572 3752 0.
626 3689 685 3751 2.
735 3685 856 3761 Qui
903 3685 1056 3751 cler.
1104 3686 1214 3751 vel
1258 3690 1525 3753 vovent.
1575 3687 1689 3752 IV.
1741 3688 1800 3752 6.

517 3801 684 3867 Sunt
728 3805 953 3866 tamen
970 3851 984 3879 ,
1049 3801 1159 3883 qui
1206 3802 1656 3867 collectionem
1703 3802 1883 3867 illam
1932 3802 2192 3866 omnino
2238 3800 2530 3867 breviter
2547 3852 2561 3880 ,
2620 3805 2688 3867 et
2735 3803 2995 3885 quidem

326 3901 435 3966 ita
480 3900 704 3965 citent.
798 3900 879 3965 V.
929 3920 992 3981 g.
1043 3900 1214 3981 quod
1262 3899 1504 3965 attinet
1549 3900 1729 3965 locos
1776 3922 1975 3984 supra
2024 3899 2359 3978 adductOS,
2407 3899 2537 3965 ita:
2600 3921 2651 3966 c.
2704 3903 2763 3967 4.
2814 3901 2893 3967 X.
2941 3902 2991 3967 I.

330 4000 436 4075 4.;
486 4018 539 4063 0.
593 4000 651 4062 2.
701 3997 780 4062 Χ.
830 3996 944 4062 IV.
996 3998 1056 4063 6.
1105 3997 1312 4061 11111110
1360 3998 1469 4062 vel
1515 3997 1641 4062 sic:
1690 3998 1769 4063 X.
1818 3998 1868 4063 I.
1920 3999 1979 4063 4.
2031 3999 2127 4074 4.;
2176 3996 2255 4062 X.
2303 3997 2416 4063 IV.
2470 4000 2527 4063 6.
2581 4002 2639 4065 2.

517 4105 617 4169 De
677 4106 895 4169 cetero
957 4107 1180 4169 autem
1240 4125 1364 4188 ope
1410 4104 1805 4187 alphabetici
1850 4103 2081 4168 indicis
2129 4107 2407 4189 capitum
2421 4156 2440 4188 ‚
2504 4104 2614 4186 qui
2666 4105 2815 4170 huic
2862 4105 2995 4170 col-

328 4202 603 4268 lectioni
651 4200 1078 4266 decretalium
1138 4201 1434 4266 adnexus
1495 4222 1640 4267 esse
1688 4202 1888 4278 solet,
1950 4202 2018 4266 in
2065 4222 2144 4267 ea
2191 4202 2391 4267 etiam
2446 4206 2644 4285 caput
2690 4202 2831 4267 sola
2876 4224 2997 4268 sua

330 4302 581 4365 initiali
640 4321 779 4364 voce
790 4350 809 4383 ,
873 4298 1014 4364 sine
1073 4300 1209 4364 ulla
1269 4299 1398 4365 alia
1460 4299 2006 4365 determinatione
2024 4351 2038 4379 ,
2102 4300 2376 4365 citatum
2431 4299 2708 4364 inveniri
2752 4303 2993 4383 potest.

330 4397 604 4463 Etenim
649 4397 717 4460 111
764 4396 937 4462 dicto
983 4396 1194 4461 indice
1242 4397 1529 4481 capitum
1569 4399 1764 4482 juxta
1810 4418 2035 4463 eorum
2066 4398 2352 4464 initiales
2384 4418 2580 4463 voces
2626 4397 2998 4463 indicantur

522 4628 542 4660 1
581 4625 751 4677 Immo
788 4641 950 4695 saepe
997 4624 1163 4678 etiam
1199 4642 1294 4693 pro
1331 4624 1457 4689 illa,
1509 4641 1648 4693 quae
1690 4623 1910 4693 Corpori
1942 4624 2081 4694 juris
2120 4623 2361 4677 canonici
2398 4623 2731 4678 solummodo
2770 4643 2869 4679 ceu
2906 4644 2996 4697 ap-

320 4705 543 4857 {³2de
518 4705 793 4854 11ῗάἓὲζο
810 4709 931 4852 2estg
953 4707 1211 4838 elt57Liber
1246 4709 1497 4773 septimus
1534 4707 1881 4757 decretalium
1922 4707 2071 4757 Petri
2108 4706 2372 4757 Matthaei
2421 4702 2631 4757 dicitur.
2709 4705 2817 4760 Cfr.
2856 4706 2999 4761 infra

2501 4869 2586 4925 9311ι
