3355 5328
395 295 466 353 90
1194 296 1332 350 Pars
1367 296 1436 350 H.
1490 294 1850 352 collectiones
1886 295 2253 351 decretalium.

958 491 997 577 ξ
1048 489 1151 559 55.
1243 489 1589 580 Appendix
1637 486 1907 557 Concilii
1952 460 2422 557 Later-ailensis
2445 490 2489 555 ¹.

573 659 629 724 E
689 659 1007 743 praefatis
1068 659 1490 727 decretalium
1553 657 2042 725 collectionibus
2059 707 2074 736 ,
2136 662 2288 741 post
2346 658 2699 724 Decretum
2755 654 3055 721 Gratiani

397 756 792 841 compositis,
839 757 1050 841 primo
1093 758 1238 823 loco
1276 756 1671 823 nominanda
1717 760 1821 823 est
1864 756 1999 834 illa,
2048 776 2216 837 quae
2248 754 2487 821 dicitur
2515 755 2864 841 Appendix
2898 754 3054 819 Con-

396 858 527 921 cilii
572 856 1053 940 Lateranensis,
1102 877 1191 922 sc.
1240 854 1569 938 generalis
1614 854 1754 933 ΠΙ.,
1803 874 1861 920 a.
1918 856 2086 919 1179
2137 853 2467 920 celebrati.

574 951 753 1028 Quae
799 952 1094 1019 collectio
1141 957 1402 1020 constat
1443 973 1480 1018 e
1513 955 1597 1018 50
1619 954 1945 1038 partibus,
1994 972 2163 1034 quae
2208 951 2459 1017 divisae
2505 953 2659 1017 sunt
2702 950 2771 1014 in
2819 952 3054 1035 capita,

395 1048 772 1117 summatim
820 1052 970 1116 537.

572 1149 800 1213 Prima
846 1148 1106 1213 illarum
1152 1149 1440 1233 partium
1486 1147 1893 1214 solummodo
1954 1168 2235 1213 canones
2283 1146 2568 1231 praefati
2614 1144 2882 1212 Concilii
2928 1145 3057 1210 La-

393 1245 761 1311 teranensis
807 1245 920 1311 ΠΙ.
942 1295 957 1324 ,
1007 1250 1076 1312 et
1122 1246 1381 1328 quidem
1429 1246 1657 1312 eodem
1705 1245 1931 1311 ordine
1948 1295 1963 1324 ,
2026 1266 2153 1327 quo
2199 1244 2445 1310 conditi
2490 1247 2645 1310 sunt
2661 1293 2677 1321 ,
2725 1243 3055 1320 continet;

394 1342 566 1408 unde
611 1342 902 1425 reliquae
949 1346 1033 1409 49
1081 1347 1305 1427 partes
1366 1343 1552 1425 quasi
1614 1345 1941 1429 appendix
1985 1343 2159 1408 illius
2205 1341 2472 1408 Goncilii
2518 1362 2664 1407 esse
2709 1341 3054 1418 videntur;

292 1479 296 1485 ·
396 1443 797 1525 quapropter
840 1440 985 1526 ipsa
1030 1441 1327 1509 collectio
1386 1444 1533 1507 tota
1594 1444 1845 1523 quanta
1889 1442 2235 1526 Appendioe
2284 1442 2548 1506 Concilii
2593 1441 3058 1505 Lateranensis

395 1538 729 1622 appellata
774 1542 879 1605 est
902 1535 947 1604 ².

573 1635 807 1702 Partes
852 1636 1003 1702 inde
1049 1658 1090 1702 a
1134 1637 1539 1703 H.—XLIV.
1589 1637 1929 1703 continent
1976 1660 2146 1703 nune
2157 1688 2177 1721 ,
2239 1640 2506 1720 praeter
2549 1635 2896 1701 nonnullos
2945 1656 3057 1700 ca-

395 1753 600 1798 nones
645 1734 1042 1817 synodorum
1061 1784 1075 1813 ‚
1127 1734 1413 1800 maxime
1461 1735 1827 1801 decretales
1875 1735 2287 1801 Summorum
2334 1733 2743 1811 Pontificum,
2793 1736 2863 1799 et
2911 1733 3055 1815 qui-

395 1831 542 1896 dem
601 1831 990 1914 praesertim
1050 1834 1415 1898 Alexandri
1463 1833 1591 1899 ΠΙ.
1655 1832 2157 1915 (1159-1181)
2172 1885 2190 1916 ,
2258 1853 2454 1915 porro
2519 1831 2802 1915 plurium
2860 1831 3057 1914 hujus

392 1928 990 2012 praedecessorum,
1024 1930 1121 1996 uti
1147 1930 1531 1997 nominatim
1556 1932 1898 1996 Hadriani
1922 1931 2039 1996 IV.
2068 1929 2588 2013 (1154—1199),
2623 1930 2902 2014 Euqenii
2924 1929 3054 1994 HI.

394 2024 913 2112 (1145—1153),
961 2029 1314 2094 Innocentii
1360 2029 1450 2094 II.
1500 2027 2022 2112 (1130—1143),
2071 2030 2348 2094 Honorii
2386 2029 2476 2095 H.
2527 2026 3055 2110 (1124—1130),

394 2125 730 2191 Paschalis
762 2125 851 2191 II.
902 2123 1441 2211 (1099—1118),
1473 2128 1539 2193 S.
1576 2128 1875 2212 Greqorii
1904 2127 2049 2192 VII.
2085 2125 2239 2207 (107
2249 2125 2606 2210 3—1085),
2655 2126 2932 2211 Euqenii
2961 2126 3055 2190 H.

393 2221 825 2307 (824—827),
850 2223 1085 2289 Leonis
1104 2225 1232 2290 III.
1260 2223 1691 2308 (795—816)‚
1718 2226 1785 2290 S.
1816 2225 2110 2309 Greqorii
2129 2224 2183 2289 Ι.
2207 2221 2637 2307 (590—604),
2665 2224 3061 2288 Hormisdae

393 2318 804 2403 (514—523)
837 2324 906 2386 et
939 2322 1181 2387 Gelasii
1213 2321 1643 2407 (492—496),
1692 2342 1815 2388 nec
1859 2343 1989 2389 non
2036 2322 2177 2405 ejus
2214 2342 2664 2387 successorum
2701 2322 2898 2387 Lucii
2925 2321 3054 2386 ΙΙΙ.

393 2416 914 2503 (1181-1185),
962 2420 1209 2486 Urbani
1240 2421 1368 2486 HI.
1418 2417 1940 2504 (1185-1187),
1991 2420 2285 2505 Greqorii
2317 2420 2497 2486 VIH.
2533 2418 2765 2500 (1187)
2813 2421 2885 2485 et
2925 2419 3059 2485 Cle-

394 2519 620 2581 mentis
665 2517 792 2582 ΠΙ.
842 2514 1343 2600 (1187-1191)
1368 2514 1413 2584 ³.

572 2612 808 2681 Partes
868 2613 1020 2682 inde
1080 2636 1121 2682 a
1179 2616 1539 2683 XLV.—L.
1608 2616 1947 2684 continent
1968 2667 1982 2695 ,
2047 2618 2317 2700 praeter
2379 2616 2625 2682 multas
2690 2614 3061 2681 decretales

394 2714 761 2779 Alea-andri
816 2714 943 2779 III.
1007 2718 1077 2780 et
1134 2715 1325 2780 Lucii
1380 2716 1507 2781 III.
1525 2768 1544 2799 ,
1612 2720 1869 2799 septem
1932 2715 2297 2781 decretales
2356 2714 2606 2780 Urbani
2660 2715 2787 2780 III.
2806 2765 2826 2797 ,
2893 2713 3062 2779 duas

396 2812 692 2896 Greyorii
738 2813 917 2877 VLH.
968 2815 1038 2877 et
1083 2834 1279 2878 unam
1330 2814 1661 2880 Clementis
1708 2814 1835 2880 ΙΠ.

309 2928 321 2938 ·
575 2908 883 2991 Singulae
929 2913 1156 2993 partes
1174 2961 1188 2989 ,
1246 2911 1541 2995 exceptis
1586 2913 1658 2991 I.‚
1707 2912 1933 2978 XLIX.
1985 2915 2054 2978 et
2098 2912 2192 2990 L„
2242 2910 2733 2995 inscriptionem
2780 2930 2900 2976 seu
2947 2934 3058 2975 ru-

397 3006 638 3071 bricam
662 3005 690 3043 ⁴
752 3009 1115 3090 praefixam
1177 3010 1424 3076 habent
1441 3060 1455 3088 ,
1523 3030 1692 3092 quae
1755 3009 2047 3094 ipsarum
2106 3009 2455 3077 materiam
2521 3008 2841 3091 designat.
2952 3007 3062 3074 Sic

394 3126 457 3171 v.
505 3125 569 3187 g.
619 3125 775 3188 pars
820 3105 1049 3172 XLIII.
1099 3106 1508 3174 inscribitur:
1559 3110 1637 3173 de
1683 3111 2025 3194 sepulturis
2050 3108 2095 3174 ⁵.

577 3257 597 3291 ¹
642 3255 888 3319 Theiner,
925 3254 1348 3323 Disquisitioncs
1386 3255 1625 3320 criticae,
1663 3256 1746 3310 ed.
1785 3256 1938 3310 Rom.
1982 3256 2135 3321 1836,
2173 3274 2224 3326 p.
2263 3256 2314 3310 4.
2355 3272 2506 3324 sqq.;
2565 3257 2793 3324 Schulte,
2831 3255 3060 3323 Beitrag

395 3352 491 3389 zur
528 3333 858 3389 Geschichte
908 3335 1005 3388 des
1043 3334 1405 3390 canonischen
1442 3335 1646 3389 Rechts
1696 3353 1806 3389 von
1845 3335 2072 3390 Gratian
2121 3336 2207 3389 bis
2258 3336 2357 3390 auf
2389 3335 2671 3390 Bemhard
2720 3352 2830 3389 von
2866 3335 3061 3400 Pavia,

393 3415 451 3468 in
488 3414 606 3470 citt.
643 3414 825 3469 relatt.
877 3432 1013 3469 sess.
1051 3418 1181 3469 tom.
1221 3415 1436 3470 LXXII.
1488 3433 1540 3485 p.
1579 3415 1703 3470 486.
1742 3432 1893 3484 sqq.;
1952 3417 2127 3484 Idem,
2178 3415 2279 3470 Die
2319 3414 2646 3470 Geschichte
2698 3416 2794 3469 der
2831 3414 3064 3481 Quellen

396 3495 492 3549 des
529 3494 892 3549 canonischen
929 3495 1150 3560 Rechts,
1188 3499 1319 3550 tom.
1356 3496 1397 3550 Ι.
1436 3513 1488 3565 p.
1530 3497 1615 3550 77.

578 3578 599 3611 ²
635 3574 739 3640 Qui
773 3575 970 3629 titulus
1007 3575 1170 3646 hujus
1217 3575 1552 3630 collectionis
1590 3576 1912 3644 quandoque
1964 3575 2425 3631 circumscribitur
2462 3574 2668 3630 verbis:
2727 3584 2879 3645 „post
2921 3577 3059 3638 Con-

398 3656 583 3708 cilium
618 3654 1015 3733 Laterpnensffl
1030 3675 1053 3722 ;
1100 3674 1156 3710 V.
1196 3673 1279 3724 g.:
1339 3655 1494 3722 „vide
1545 3659 1670 3726 post
1709 3654 1909 3710 Concil.
1948 3656 2200 3711 Lateran.
2254 3659 2392 3726 part.
2432 3656 2525 3709 III.
2580 3672 2696 3724 cap.
2740 3656 2878 3721 18.“,
2932 3655 2970 3709 i.
3013 3674 3058 3710 e.

398 3734 523 3788 vide
572 3735 942 3805 Appendicem
993 3734 1195 3790 Concil.
1246 3737 1498 3790 Lateran.
1552 3739 1693 3805 part.
1734 3736 1826 3790 III.
1880 3754 1996 3806 cap.
2041 3737 2123 3791 18.
2202 3735 2309 3790 cfr.
2364 3738 2613 3789 E'mman.
2673 3738 2945 3789 Gonzalez
2997 3739 3062 3790 de

407 3816 601 3884 Tellez,
655 3814 1055 3870 commentaria
1092 3819 1353 3886 perpetua
1390 3815 1447 3869 in
1485 3815 1730 3884 singulos
1767 3819 1956 3878 textus
2001 3816 2239 3885 quinque
2276 3815 2558 3870 Librorum
2594 3816 2887 3871 Decretall.
2926 3815 3061 3871 Gre-

399 3894 538 3962 gorii
573 3894 685 3960 IX.,
722 3894 779 3948 in
815 3894 906 3948 lib.
946 3895 1040 3949 III.
1080 3895 1165 3950 tit.
1205 3896 1291 3951 28.
1331 3913 1447 3966 cap.
1491 3897 1536 3950 1.
1575 3914 1627 3949 n.
1671 3896 1737 3960 1.,
1778 3896 1859 3950 ed.
1898 3896 2071 3965 Lugd.
2115 3896 2267 3961 1673,
2306 3900 2435 3949 tom.
2475 3896 2569 3950 III.
2609 3914 2660 3967 p.
2699 3896 2822 3950 534.

578 3975 598 4009 ⁸
634 3974 679 4029 E
719 3991 826 4042 qua
862 3975 1092 4029 materia
1108 4018 1121 4040 ,
1159 3975 1216 4029 in
1251 3976 1390 4030 hanc
1430 3975 1805 4030 collectionem
1842 3979 2103 4044 congesta
2119 4019 2132 4041 ,
2179 3979 2327 4030 certo
2366 3976 2545 4030 elucet
2559 4018 2573 4041 ,
2624 3979 2904 4030 auctorem
2939 3976 3062 4048 ejus

397 4054 691 4108 Decretum
729 4053 981 4109 Gratiani
1016 4072 1123 4108 non
1159 4055 1335 4109 solum
1372 4055 1689 4110 continuare
1705 4097 1718 4120 ,
1757 4056 1854 4110 sed
1892 4056 2074 4120 etiam,
2113 4055 2170 4109 in
2207 4059 2470 4125 quantum
2508 4055 2558 4110 ei
2594 4056 2820 4110 lacunas
2857 4056 3062 4111 habere

397 4134 703 4199 videbatur,
742 4134 1012 4204 complere
1049 4135 1306 4189 voluisse.

573 4216 599 4250 ⁴
635 4213 744 4268 Cur
781 4213 1031 4268 dicantur
1066 4216 1332 4284 rubricae,
1371 4233 1435 4269 ea
1473 4215 1539 4269 de
1575 4233 1639 4270 re
1673 4215 1771 4269 cfr.
1810 4232 1976 4284 supra
2013 4234 2063 4286 p.
2103 4216 2188 4271 30.
2227 4233 2309 4285 sq.

578 4297 599 4331 ⁵
637 4294 787 4360 Quae
824 4293 1072 4348 rubricae
1108 4294 1212 4348 hae
1248 4297 1405 4349 sunt:
1456 4296 1505 4349 2.
1543 4295 1625 4350 De
1662 4294 1892 4350 simonia
1910 4338 1923 4360 ,
1972 4299 2029 4349 et
2077 4313 2145 4349 ne
2181 4313 2392 4350 merces
2437 4313 2534 4366 pro
2572 4295 2837 4350 ecclesiae
2875 4313 3060 4351 conse·

401 4375 639 4430 oratione
675 4373 973 4444 recipiatur
988 4415 1001 4438 ‚
1050 4373 1142 4427 vel
1176 4392 1273 4444 pro
1311 4374 1705 4429 moniacatione
1749 4373 1806 4443 (i.
1846 4393 1891 4429 e.
1930 4374 2365 4445 monachatione)
2387 4418 2402 4441 ,
2438 4375 2529 4429 vel
2567 4393 2662 4446 pro
2700 4376 3065 4430 sacramentis

399 4454 679 4519 ecclesiae,
717 4454 810 4508 vel
846 4472 943 4524 pro
979 4453 1202 4508 licentia
1241 4454 1497 4508 docendi:
1542 4472 1683 4510 neve
1718 4455 1952 4525 praelati
1988 4454 2142 4509 vices
2179 4473 2308 4510 suas
2346 4456 2416 4510 ad
2453 4473 2650 4510 causas
2685 4456 3063 4510 terminandas

397 4534 488 4587 vel
523 4534 768 4602 regimen
806 4532 1242 4588 ecclesiasticum
1278 4534 1380 4588 sub
1418 4551 1595 4588 annuo
1631 4534 1807 4605 pretio
1845 4534 2203 4601 committant,
2240 4553 2380 4589 neve
2418 4535 2663 4590 subditos
2698 4535 2873 4590 talliis
2914 4536 2974 4604 (i.
3015 4554 3061 4590 e.

399 4613 796 4682 exactionibus)
852 4616 1059 4668 vexent
1095 4614 1184 4668 vel
1222 4631 1394 4684 poena
1431 4615 1743 4685 pecuniaria
1793 4614 2075 4670 mulctent.
2150 4616 2200 4670 3.
2238 4616 2320 4669 De
2358 4615 2478 4670 dolo
2530 4619 2587 4670 et
2624 4616 2968 4671 contumacia
3007 4620 3067 4671 et

399 4692 668 4748 calumnia
705 4694 930 4748 alterius
966 4693 1207 4763 partium
1257 4693 1543 4764 punienda.
1617 4695 1669 4749 4.
1708 4695 1790 4748 De
1829 4694 2053 4749 decimis
2108 4696 2467 4765 praestandis.
2542 4697 2592 4750 5.
2630 4695 2711 4750 De
2749 4695 3066 4767 conjugatis

400 4775 457 4827 et
492 4773 721 4843 sponsis,
758 4773 1146 4828 monasterium
1182 4773 1449 4842 ingressis
1486 4774 1576 4828 vel
1613 4774 1826 4843 ingredi
1863 4774 2188 4829 volentibus.
2264 4776 2313 4830 6.
2352 4776 2434 4829 De
2471 4776 2815 4846 sponsalibus
2854 4780 2914 4831 et
2949 4795 3063 4831 ma-
