3355 5328
1380 315 1558 385 Caput
1592 314 1687 368 vl.
1739 313 1772 381 ς
1811 313 1894 367 32.
2895 313 2963 368 51

486 476 587 540 De
635 474 1075 541 ecclesiastico
1128 498 1431 560 processa
1477 477 1838 560 judiciario
1884 477 2213 541 tractatus
2263 476 2751 541 adornaverunt
2794 475 2967 540 inter

307 576 611 639 caeteros
657 574 890 639 Petrus
907 625 922 652 ,
970 573 1183 638 Blesis
1231 572 1463 654 (Blois)
1509 572 1579 638 in
1626 572 1841 639 Gallia
1886 573 2194 638 oriundus
2243 578 2312 639 et
2355 573 2505 638 hinc
2549 575 2779 638 Petrus
2825 575 2966 638 Ble-

308 673 515 736 sensis
563 670 689 735 dici
735 674 804 737 et
822 721 836 749 ‚
896 674 1219 753 quatenus
1266 693 1307 736 a
1351 671 1551 736 Petro
1598 670 1914 748 Blesensi,
1963 692 2080 736 suo
2127 675 2383 754 patru0‚
2432 670 2858 737 Bathom'ensi
2902 671 2969 735 in

308 768 557 850 Anglia
604 768 1058 834 archidiacono
1108 768 1178 851 (†
1226 790 1278 834 c.
1330 790 1389 835 a.
1444 770 1641 850 1200)
1667 767 1711 847 ¹,
1760 768 2307 850 distingueretur,
2354 770 2592 835 Petrus
2638 768 2970 834 Blesensis

296 870 533 952 junior
594 866 1041 948 cognominari
1087 866 1353 946 solitae,
1417 870 1486 933 et
1533 866 1792 948 quidem
1853 887 1906 932 6.
1957 887 2016 932 6.
2072 868 2240 932 1180
2268 865 2311 933 ².
2405 867 2609 932 Porro
2650 868 2789 949 jam
2833 888 2971 932 me-

310 964 555 1030 morati
585 966 957 1030 Richardus
988 967 1296 1050 Anylieus
1315 962 1341 1002 ³
1384 968 1453 1030 et
1483 966 1813 1030 Damasus
1833 962 1879 1048 ⁴,
1912 964 2073 1030 item
2105 966 2360 1047 Gratia,
2393 964 2605 1029 Aretii
2636 964 2704 1029 in
2735 964 2972 1031 Tuscia

311 1066 511 1129 natus
529 1062 574 1140 ⁵,
625 1066 825 1144 atque
882 1065 1254 1128 Taneredus
1275 1061 1320 1146 ὅ,
1370 1067 1439 1130 61
1485 1063 1616 1139 6111,
1667 1083 1945 1145 quorum
1990 1062 2253 1128 nomina
2298 1067 2452 1129 sunt
2497 1063 2726 1145 ignota
2749 1061 2790 1128 ⁷.

509 1296 515 1301 ·
576 1269 617 1354 ἓ
663 1266 764 1336 32.
858 1271 1182 1339 Glossatio
1231 1272 1500 1339 Decreti
1546 1272 1820 1359 ejusque
1865 1272 2274 1357 glossatores
2320 1271 2711 1357 generatim.

499 1439 734 1505 Altera
781 1438 925 1521 (cfr.
976 1442 1011 1523 ἓ
1062 1442 1196 1524 30.)
1244 1441 1712 1523 magistrorum
1758 1441 2154 1523 Theologiae
2192 1439 2700 1505 Bononiensium
2745 1440 2813 1505 in
2842 1441 2973 1506 De-

317 1542 505 1604 creto
555 1538 940 1623 explicando
989 1539 1310 1605 collocata
1357 1560 1576 1622 opera,
1627 1559 1795 1620 quae
1842 1539 2091 1604 scilicet
2126 1537 2424 1622 proxime
2471 1540 2712 1603 calamo
2757 1539 2976 1616 fiebat,

317 1637 671 1703 constabat
716 1634 783 1701 in
830 1636 1120 1720 ejusdem
1175 1640 1567 1723 qlossatione.
1662 1636 2023 1715 Nimirum,
2088 1635 2630 1718 quemadmodum
2678 1636 2979 1702 doctores

311 1734 483 1819 juris
546 1733 754 1799 civilis
815 1733 1070 1800 romani
1115 1735 1561 1800 Bononienses
1614 1735 1754 1817 jam
1813 1733 1962 1798 inde
2023 1735 2105 1798 ab
2166 1733 2350 1799 initio
2417 1733 2659 1799 saeculi
2706 1734 2850 1800 XII.
2914 1734 2981 1798 in

318 1832 726 1915 exponendis
772 1833 1260 1899 collectionibus
1295 1831 1460 1916 juris
1508 1831 1717 1897 civilis
1765 1833 2016 1898 romani
2062 1831 2475 1911 Justinianei,
2525 1830 2831 1898 videlicet
2863 1834 2981 1897 Di-

312 1932 510 2016 9estis
557 1931 979 2014 (Pandectis),
1027 1930 1536 1996 [restitutionibus
1582 1934 1738 2009 etc.,
1787 1929 2005 1996 facere
2053 1933 2529 1996 consueverant
2550 1928 2594 2008 ⁸,
2643 1930 2740 1995 ita
2785 1929 2983 1996 etiam

318 2027 626 2110 magistri
675 2027 1074 2110 Theologiae
1121 2027 1566 2094 Bononienses
1625 2028 1694 2092 in
1757 2028 2143 2112 explicando
2190 2028 2470 2093 Decreto
2519 2028 2817 2094 Gratiani
2883 2028 2983 2093 fa-

322 2147 475 2191 cere
523 2130 897 2210 coeperunt.
955 2126 1211 2210 Nempe
1258 2126 1351 2190 illi
1398 2126 1466 2191 in
1513 2147 1630 2192 suo
1680 2126 1952 2209 quisque
2000 2126 2359 2211 exemplari
2405 2125 2670 2191 Decreti
2716 2125 2985 2191 vocibus

320 2228 555 2291 textus
621 2224 1099 2289 obscurioribus
1170 2229 1237 2290 et
1296 2224 1632 2290 intellectu
1696 2223 2163 2289 difficilioribus
2223 2245 2342 2309 pro
2408 2245 2633 2288 earum
2697 2223 2984 2307 explica-

322 2322 507 2388 tione
571 2323 806 2387 breves
869 2322 1132 2387 notulas
1193 2322 1686 2400 adscribebant,
1750 2343 1896 2386 611111
1957 2343 2036 2387 66
2080 2321 2442 2386 intentione
2464 2371 2479 2399 ,
2550 2324 2625 2387 ut
2670 2321 2821 2386 illae
2868 2343 2986 2386 116-

322 2421 508 2486 tulae
570 2440 770 2502 penes
832 2423 1090 2485 textum
1145 2421 1411 2485 Decreti
1468 2424 2017 2510 conservarentur
2077 2422 2146 2484 et
2206 2440 2335 2484 una
2395 2441 2541 2483 611111
2607 2439 2683 2483 66
2746 2419 2988 2484 descri-

322 2520 642 2583 berentur
711 2520 780 2582 et
843 2521 1386 2601 propagarentur.
1495 2517 1866 2601 Cujusmodi
1930 2517 2164 2582 breves
2230 2517 2496 2582 notulae
2558 2516 2770 2582 dictae
2835 2520 2990 2581 sunt

319 2618 571 2703 yios-sae
633 2615 930 2701 (qlosae),
1000 2636 1039 2681 a
1099 2635 1196 2699 gr.
1256 2618 1490 2694 γλῶσσα
1538 2615 1850 2698 (lingua),
1922 2615 2030 2681 vel
2090 2614 2291 2681 etiam
2346 2618 2684 2701 ylossulae,
2754 2619 2821 2681 et
2881 2614 2990 2698 qui

325 2714 702 2797 hujusmodi
761 2714 1017 2796 glossas
1063 2736 1179 2780 seu
1226 2715 1549 2796 glossulas
1596 2714 1811 2779 textui
1856 2713 2122 2779 Decreti
2170 2713 2658 2792 adscribebant,
2724 2713 2771 2777 ii
2816 2713 2989 2778 idem

324 2814 686 2879 Decretum
746 2816 1028 2898 ylossare
1088 2833 1203 2877 seu
1260 2815 1610 2897 qlossulare
1655 2811 2070 2890 dicebantur,
2134 2815 2203 2878 et
2255 2811 2380 2895 ipsi
2427 2811 2578 2877 inde
2619 2815 2992 2898 qlossatores

324 2911 600 2977 Decreti
650 2911 963 2995 appellati
1010 2915 1182 2976 sunt.

510 3008 691 3085 Quae
737 3009 997 3090 glossae
1029 3008 1309 3093 primum
1341 3012 1508 3073 inter
1539 3011 1743 3074 lineas
1774 3011 2002 3073 textus
2035 3008 2300 3078 Decreti
2331 3009 2774 3091 ponebantur3
2824 3008 2993 3073 unde

323 3107 551 3172 dictae
611 3110 765 3171 sunt
829 3109 1073 3191 ylossae
1132 3109 1574 3172 interlineares
1600 3105 1644 3171 ⁹.
1744 3105 1962 3171 Serius
2023 3109 2247 3171 autem
2305 3110 2375 3181 in
2421 3110 2711 3193 marqine
2768 3110 2994 3173 textus

325 3205 863 3281 collocabantur;
931 3205 1101 3269 unde
1166 3206 1411 3288 qlossae
1478 3207 1868 3288 marginales
1932 3204 2302 3288 appellatae
2359 3208 2514 3270 sunt
2538 3205 2606 3270 ¹⁰.
2701 3204 2808 3268 Ex
2869 3225 2994 3286 quo

520 3398 537 3431 ¹
579 3398 844 3465 Saviqny,
898 3396 1224 3451 Geschichte
1263 3398 1358 3450 des
1395 3403 1526 3450 rom.
1565 3396 1772 3450 Rechts
1810 3397 1884 3449 im
1921 3396 2271 3461 Mittelalter,
2323 3400 2450 3450 tom.
2492 3396 2583 3450 IV.
2623 3415 2673 3466 p.
2712 3396 2834 3449 433.
2875 3414 2995 3465 sqq.

523 3477 542 3509 ²
582 3477 813 3545 Schiche,
851 3477 952 3531 Die
992 3476 1320 3531 Geschichte
1359 3477 1453 3530 der
1491 3476 1736 3541 Quellen,
1774 3481 1902 3531 tom.
1945 3477 1983 3530 I.
2023 3495 2074 3546 p.
2114 3478 2234 3532 207.
2274 3495 2355 3546 sq.

520 3560 540 3592 ³
580 3558 795 3610 Schulte
829 3557 865 3611 1.
906 3576 951 3611 c.
991 3576 1041 3628 p.
1085 3557 1202 3613 183.
1250 3597 1259 3604 .
1384 3558 1407 3591 4
1446 3558 1657 3610 Schulte
1694 3557 1729 3611 1.
1769 3575 1817 3611 6.
1855 3576 1906 3627 p.
1950 3558 2066 3611 195.

522 3638 542 3670 ⁵
581 3637 795 3690 Schulte
829 3637 866 3690 1.
905 3655 951 3691 c.
990 3656 1042 3708 p.
1073 3639 1221 3702 198.;
1262 3638 1500 3705 Saviyny
1536 3637 1572 3691 1.
1613 3655 1657 3691 6.
1698 3641 1827 3691 16111.
1867 3638 1934 3691 V.
1974 3656 2024 3707 p.
2067 3638 2183 3692 158.
2225 3655 2344 3706 sqq.

523 3718 543 3752 ⁶
582 3717 795 3769 Schulte
830 3716 865 3770 l.
905 3734 950 3770 6.
990 3735 1041 3786 p.
1080 3717 1199 3772 203.
1266 3717 1505 3770 Duorum
1543 3721 1817 3786 postremo
1854 3717 2248 3772 nominatorum
2288 3718 2707 3782 canonistarum,
2746 3717 3002 3772 videlicet

340 3799 577 3849 Gratiae
627 3799 682 3849 et
727 3799 995 3850 Tancredi
1010 3839 1022 3860 ,
1075 3801 1239 3866 atque
1293 3797 1525 3864 legistae
1566 3799 1721 3851 Pili-ii
1770 3797 1985 3851 ordines
2029 3796 2325 3867 judicarios
2377 3797 2545 3851 edidit
2581 3800 2798 3852 Frider.
2838 3800 3002 3866 Bery-

334 3894 510 3929 mann
548 3875 633 3929 in:
680 3876 874 3942 „Pillii‚
912 3876 1194 3941 Tancredi,
1235 3876 1459 3931 Gratiae
1496 3876 1622 3930 libri
1659 3878 1726 3931 de
1757 3877 2084 3948 judiciorum
2121 3877 2357 3942 ordine“‚
2398 3876 2641 3946 Gotting.
2685 3878 2837 3933 1842.
2892 3878 3001 3932 cfr.

336 3957 414 4010 de
451 3974 514 4009 eo
556 3957 768 4009 Schulte
804 3957 839 4010 1.
880 3974 925 4010 6.
964 3975 1015 4027 p.
1056 3957 1175 4011 203.
1215 3960 1324 4011 not.
1369 3958 1449 4011 15.

527 4039 548 4070 '¹
586 4037 799 4089 Schulte
835 4036 869 4089 1.
910 4054 956 4090 6.
995 4055 1046 4106 p.
1086 4037 1206 4090 233.
1247 4054 1328 4105 sq.
1512 4038 1532 4072 ⁸
1572 4036 1679 4091 cfr.
1719 4037 1861 4091 infra
1899 4038 2125 4107 append.
2167 4056 2283 4108 cap.
2327 4038 2373 4091 1.
2413 4041 2514 4092 art.
2556 4038 2604 4092 3.

527 4126 549 4161 9
586 4124 653 4178 V.
693 4141 746 4192 g.
773 4143 818 4179 6.
848 4126 896 4179 5.
923 4143 1002 4195 pr.
1030 4125 1093 4179 D.
1121 4125 1191 4179 I.:
1239 4124 1610 4191 „Consuetudo
1637 4129 1818 4179 autem

340 4222 544 4258 norma
569 4208 722 4272 juris
807 4208 1024 4258 iteratis⁴
1054 4208 1257 4258 actibus
1639 4223 1834 4259 norma
1846 4209 1999 4273 juris
2022 4210 2225 4275 scripta
2252 4209 2567 4260 consuetudo
2573 4216 2796 4275 praeter
2811 4209 2964 4275 leyem

345 4273 714 4306 ——
804 4274 1256 4305 5—-0--1
1639 4276 1929 4304 ὴ...-
1942 4279 2230 4304 ——d
2610 4283 2968 4309 „...—....«

342 4315 438 4366 est
475 4314 574 4378 jus
610 4310 880 4379 quoddam
915 4314 1154 4365 moribus
1188 4311 1518 4377 institutum,
1556 4313 1701 4381 quod
1737 4330 1833 4382 pro
1872 4314 1977 4379 leye
2013 4312 2323 4383 suscipitur,
2363 4332 2479 4366 oum
2518 4316 2690 4379 deficit
2728 4316 2858 4366 lex.“

513 4402 559 4437 ¹⁰
595 4401 663 4454 V.
703 4417 756 4467 g.
796 4399 886 4454 cit.
928 4418 973 4454 c.
1012 4401 1062 4454 5.
1101 4419 1180 4470 pr.
1219 4401 1283 4454 D.
1323 4402 1395 4455 I.:

537 4480 912 4547 „Consuetudo
949 4483 1133 4534 autem
1171 4484 1256 4534 est
1286 4481 1378 4551 jus
1406 4481 1454 4550 a)
1550 4481 1605 4549 a)
1650 4483 1756 4535 Jus
1791 4481 1825 4534 i.
1866 4499 1911 4535 e.
1950 4499 2138 4535 norma
2169 4482 2325 4552 juris.

343 4561 624 4630 quoddam
637 4559 877 4614 moribus
896 4560 1302 4628 1))11161;11;11111111,
1319 4563 1461 4629 quod
1551 4561 1607 4628 b)
1652 4563 1900 4614 Moribus
1935 4562 1969 4614 i.
2010 4580 2054 4615 e.
2093 4561 2306 4616 iteratis
2344 4561 2571 4616 actibus.

345 4659 448 4712 pro
486 4640 611 4708 lege
641 4641 687 4708 Ο)
744 4639 1063 4709 suscipitur,
1117 4658 1240 4694 cum
1279 4641 1460 4695 deficit
1555 4641 1607 4709 c)
1651 4643 1789 4709 Leqe
1825 4641 1859 4694 i.
1900 4659 1944 4695 e.
1983 4660 2171 4696 norma
2203 4642 2343 4712 juris
2379 4641 2599 4712 scripta.

345 4722 473 4775 lex⁸⁶
501 4721 578 4789 d).
1558 4721 1614 4788 d)
1658 4723 1790 4775 Lex.
1841 4721 1913 4775 Et
1948 4721 2078 4776 talis
2104 4723 2432 4776 consuetudo
2460 4721 2657 4775 dicitur
2682 4725 3011 4777 consuetudo

1553 4804 1771 4870 praeter
1807 4800 2002 4869 legem.

2511 4894 2597 4943 4³1¹
