3355 5328
297 324 430 379 VIII
1487 326 1782 382 Praefatio.

476 485 616 562 Qua
676 484 1019 551 occasione
1082 486 1276 553 simul
1341 508 1426 553 ex
1489 487 1721 553 intimo
1787 487 2003 553 animo
2065 509 2264 570 agere
2324 488 2577 571 gratias
2642 489 2955 557 debemus

298 627 565 710 egregio
611 627 754 692 viro
801 628 1185 713 Benjamino
1231 630 1490 695 Herder
1502 681 1522 714 ,
1573 629 1963 713 bibliopolae
2008 629 2450 712 Friburgensi,
2500 630 2629 715 qui,
2678 652 2956 713 genera-

297 767 418 835 tim
467 769 547 834 de
593 768 879 835 fovenda
924 791 998 835 re
1043 770 1371 837 litteraria
1418 770 1743 838 catholica
1788 772 2126 854 praeclare
2185 771 2459 838 meritus
2476 821 2492 851 ,
2560 771 2761 839 etiam
2804 771 2955 838 huic

300 911 610 995 opusculo
670 911 850 996 typis
896 912 1326 996 imprimendo
1392 917 1462 979 et
1507 913 1575 979 in
1620 914 1834 979 lucem
1881 914 2130 979 edendo
2181 934 2328 979 cum
2386 920 2690 998 prompto
2737 913 2954 981 animo

300 1073 692 1135 generosum
755 1054 1054 1120 favorem
1116 1055 1455 1139 impendit.
1550 1055 1667 1121 Cui
1732 1077 1930 1138 quum
1994 1054 2148 1120 vivo
2213 1077 2614 1139 nequeamus
2674 1054 2953 1139 amplius

297 1194 552 1278 gratias
598 1195 868 1274 referre,
902 1235 992 1242 —
1022 1196 1202 1262 Deus
1247 1196 1450 1275 illum,
1500 1196 1867 1262 ordinarios
1912 1196 2093 1264 vitae
2123 1197 2449 1263 humanae
2494 1197 2597 1262 his
2641 1197 2711 1261 in
2754 1195 2953 1262 terris

298 1358 505 1402 annos
536 1335 804 1418 (Psalm.
841 1340 948 1417 89,
988 1338 1119 1421 10.)
1152 1359 1514 1417 emensum,
1563 1337 2073 1422 septuagenario
2105 1338 2441 1422 majorem,
2492 1338 2596 1403 die
2633 1340 2734 1404 10.
2767 1338 2830 1403 h.
2864 1359 2948 1403 m.

296 1478 364 1543 in
422 1479 707 1562 patriam
763 1481 1116 1547 coelestem
1175 1481 1483 1548 avocavit
1505 1532 1520 1560 ‚
1581 1521 1672 1529 —
1733 1482 1791 1547 ei
1853 1480 2144 1546 debitum
2202 1485 2470 1547 nostrae
2529 1477 2953 1562 gratitudinis

297 1620 583 1686 officium
627 1622 695 1687 in
741 1622 1156 1688 sanctissimo
1187 1623 1431 1690 Missae
1480 1623 1808 1691 Sacrificio
1853 1624 2232 1708 persolvere
2263 1626 2661 1705 satagemus.
2726 1620 2952 1686 Adim-

296 1763 559 1847 pleatur
604 1763 666 1828 ei
711 1763 826 1829 illa
874 1763 1077 1829 divini
1124 1763 1491 1830 Salvatoris
1536 1764 1882 1848 promissio
1915 1762 1986 1846 (J
1989 1785 2133 1830 oan.
2174 1766 2275 1841 11,
2327 1763 2498 1846 25.):
2559 1762 2728 1849 „Qui
2745 1761 2952 1827 credit

296 1906 365 1971 in
410 1926 536 1984 me,
586 1905 847 1972 etiamsi
891 1910 1190 1973 mortuus
1236 1906 1458 1985 fuerit,
1506 1906 1691 1973 vivet
1715 1910 1765 1972 !“

477 2142 1056 2222 Vindobonae,
1103 2143 1172 2208 in
1218 2142 1390 2209 festo
1440 2143 1502 2210 S.
1551 2143 1881 2227 Leopoldi‚
1932 2143 2035 2209 die
2088 2144 2188 2209 15.
2238 2140 2633 2208 Novembris
2685 2141 2874 2205 1888.

2360 2530 2743 2597 Auctor.
